,Creation Time,Terminal Time,Current Time,X,Y,Z,Bid,Ask,TypeBroker,BrokerName,DR,Terminal,Protocol,Symbol
0,2020-04-17 15:25:58.989000,2020-04-17 15:25:59.254000,2020-04-17 15:26:02.664147,265.0,3410.147,3675.147,1.08741,1.08746,MM,MetaQuotes Software Corp.,DEMO,MT5,ZMQ,EURUSD
1,2020-04-17 15:25:59.083000,2020-04-17 15:25:59.348000,2020-04-17 15:26:02.689138,265.0,3341.138,3606.138,1.08741,1.08746,MM,MetaQuotes Software Corp.,DEMO,MT5,ZMQ,EURUSD
2,2020-04-17 15:25:59.183000,2020-04-17 15:25:59.448000,2020-04-17 15:26:02.715138,265.0,3267.138,3532.138,1.08741,1.08746,MM,MetaQuotes Software Corp.,DEMO,MT5,ZMQ,EURUSD
3,2020-04-17 15:25:59.288000,2020-04-17 15:25:59.553000,2020-04-17 15:26:02.739143,265.0,3186.143,3451.143,1.08741,1.08746,MM,MetaQuotes Software Corp.,DEMO,MT5,ZMQ,EURUSD
4,2020-04-17 15:25:59.390000,2020-04-17 15:25:59.655000,2020-04-17 15:26:02.763144,265.0,3108.144,3373.144,1.08741,1.08746,MM,MetaQuotes Software Corp.,DEMO,MT5,ZMQ,EURUSD
5,2020-04-17 15:25:59.446000,2020-04-17 15:25:59.711000,2020-04-17 15:26:02.787143,265.0,3076.143,3341.143,1.08738,1.08746,MM,MetaQuotes Software Corp.,DEMO,MT5,ZMQ,EURUSD
6,2020-04-17 15:25:59.488000,2020-04-17 15:25:59.753000,2020-04-17 15:26:02.811138,265.0,3058.138,3323.138,1.08738,1.08746,MM,MetaQuotes Software Corp.,DEMO,MT5,ZMQ,EURUSD
7,2020-04-17 15:25:59.583000,2020-04-17 15:25:59.848000,2020-04-17 15:26:02.837143,265.0,2989.143,3254.143,1.08738,1.08746,MM,MetaQuotes Software Corp.,DEMO,MT5,ZMQ,EURUSD
8,2020-04-17 15:25:59.639000,2020-04-17 15:25:59.904000,2020-04-17 15:26:02.862143,265.0,2958.143,3223.143,1.08739,1.08746,MM,MetaQuotes Software Corp.,DEMO,MT5,ZMQ,EURUSD
9,2020-04-17 15:25:59.684000,2020-04-17 15:25:59.949000,2020-04-17 15:26:02.886145,265.0,2937.145,3202.145,1.08739,1.08746,MM,MetaQuotes Software Corp.,DEMO,MT5,ZMQ,EURUSD
10,2020-04-17 15:25:59.685000,2020-04-17 15:25:59.950000,2020-04-17 15:26:02.911144,265.0,2961.144,3226.144,1.08739,1.08744,MM,MetaQuotes Software Corp.,DEMO,MT5,ZMQ,EURUSD
11,2020-04-17 15:25:59.745000,2020-04-17 15:26:00.010000,2020-04-17 15:26:02.939114,265.0,2929.114,3194.114,1.0874,1.08744,MM,MetaQuotes Software Corp.,DEMO,MT5,ZMQ,EURUSD
12,2020-04-17 15:25:59.789000,2020-04-17 15:26:00.054000,2020-04-17 15:26:02.964113,265.0,2910.113,3175.113,1.0874,1.08744,MM,MetaQuotes Software Corp.,DEMO,MT5,ZMQ,EURUSD
13,2020-04-17 15:25:59.815000,2020-04-17 15:26:00.080000,2020-04-17 15:26:02.990113,265.0,2910.113,3175.113,1.08739,1.08744,MM,MetaQuotes Software Corp.,DEMO,MT5,ZMQ,EURUSD
14,2020-04-17 15:25:59.889000,2020-04-17 15:26:00.154000,2020-04-17 15:26:03.015112,265.0,2861.112,3126.112,1.08739,1.08744,MM,MetaQuotes Software Corp.,DEMO,MT5,ZMQ,EURUSD
15,2020-04-17 15:25:59.970000,2020-04-17 15:26:00.235000,2020-04-17 15:26:03.040619,265.0,2805.619,3070.619,1.08739,1.08745,MM,MetaQuotes Software Corp.,DEMO,MT5,ZMQ,EURUSD
16,2020-04-17 15:25:59.972000,2020-04-17 15:26:00.237000,2020-04-17 15:26:03.065648,265.0,2828.648,3093.648,1.0874,1.08745,MM,MetaQuotes Software Corp.,DEMO,MT5,ZMQ,EURUSD
17,2020-04-17 15:25:59.982000,2020-04-17 15:26:00.247000,2020-04-17 15:26:03.089651,265.0,2842.651,3107.651,1.0874,1.08745,MM,MetaQuotes Software Corp.,DEMO,MT5,ZMQ,EURUSD
18,2020-04-17 15:26:00.077000,2020-04-17 15:26:00.342000,2020-04-17 15:26:03.114646,265.0,2772.646,3037.646,1.0874,1.08745,MM,MetaQuotes Software Corp.,DEMO,MT5,ZMQ,EURUSD
19,2020-04-17 15:26:00.185000,2020-04-17 15:26:00.450000,2020-04-17 15:26:03.139646,265.0,2689.646,2954.646,1.0874,1.08745,MM,MetaQuotes Software Corp.,DEMO,MT5,ZMQ,EURUSD
20,2020-04-17 15:26:00.200000,2020-04-17 15:26:00.465000,2020-04-17 15:26:03.164645,265.0,2699.645,2964.645,1.0874,1.08743,MM,MetaQuotes Software Corp.,DEMO,MT5,ZMQ,EURUSD
21,2020-04-17 15:26:00.289000,2020-04-17 15:26:00.554000,2020-04-17 15:26:03.189646,265.0,2635.646,2900.646,1.0874,1.08743,MM,MetaQuotes Software Corp.,DEMO,MT5,ZMQ,EURUSD
22,2020-04-17 15:26:00.295000,2020-04-17 15:26:00.560000,2020-04-17 15:26:03.213646,265.0,2653.646,2918.646,1.0874,1.08745,MM,MetaQuotes Software Corp.,DEMO,MT5,ZMQ,EURUSD
23,2020-04-17 15:26:00.386000,2020-04-17 15:26:00.651000,2020-04-17 15:26:03.240647,265.0,2589.647,2854.647,1.0874,1.08745,MM,MetaQuotes Software Corp.,DEMO,MT5,ZMQ,EURUSD
24,2020-04-17 15:26:00.485000,2020-04-17 15:26:00.750000,2020-04-17 15:26:03.271621,265.0,2521.621,2786.621,1.0874,1.08745,MM,MetaQuotes Software Corp.,DEMO,MT5,ZMQ,EURUSD
25,2020-04-17 15:26:00.580000,2020-04-17 15:26:00.845000,2020-04-17 15:26:03.301621,265.0,2456.621,2721.621,1.0874,1.08745,MM,MetaQuotes Software Corp.,DEMO,MT5,ZMQ,EURUSD
26,2020-04-17 15:26:00.688000,2020-04-17 15:26:00.953000,2020-04-17 15:26:03.328621,265.0,2375.621,2640.621,1.0874,1.08745,MM,MetaQuotes Software Corp.,DEMO,MT5,ZMQ,EURUSD
27,2020-04-17 15:26:00.779000,2020-04-17 15:26:01.044000,2020-04-17 15:26:03.353621,265.0,2309.621,2574.621,1.0874,1.08745,MM,MetaQuotes Software Corp.,DEMO,MT5,ZMQ,EURUSD
28,2020-04-17 15:26:00.890000,2020-04-17 15:26:01.155000,2020-04-17 15:26:03.379621,265.0,2224.621,2489.621,1.0874,1.08745,MM,MetaQuotes Software Corp.,DEMO,MT5,ZMQ,EURUSD
29,2020-04-17 15:26:00.960000,2020-04-17 15:26:01.225000,2020-04-17 15:26:03.405621,265.0,2180.621,2445.621,1.08741,1.08746,MM,MetaQuotes Software Corp.,DEMO,MT5,ZMQ,EURUSD
30,2020-04-17 15:26:00.986000,2020-04-17 15:26:01.251000,2020-04-17 15:26:03.430619,265.0,2179.619,2444.619,1.08741,1.08746,MM,MetaQuotes Software Corp.,DEMO,MT5,ZMQ,EURUSD
31,2020-04-17 15:26:01.035000,2020-04-17 15:26:01.300000,2020-04-17 15:26:03.455620,265.0,2155.62,2420.62,1.08741,1.08747,MM,MetaQuotes Software Corp.,DEMO,MT5,ZMQ,EURUSD
32,2020-04-17 15:26:01.082000,2020-04-17 15:26:01.347000,2020-04-17 15:26:03.480646,265.0,2133.646,2398.646,1.08741,1.08747,MM,MetaQuotes Software Corp.,DEMO,MT5,ZMQ,EURUSD
33,2020-04-17 15:26:01.189000,2020-04-17 15:26:01.454000,2020-04-17 15:26:03.506621,265.0,2052.621,2317.621,1.08741,1.08747,MM,MetaQuotes Software Corp.,DEMO,MT5,ZMQ,EURUSD
34,2020-04-17 15:26:01.281000,2020-04-17 15:26:01.546000,2020-04-17 15:26:03.533621,265.0,1987.621,2252.621,1.08741,1.08747,MM,MetaQuotes Software Corp.,DEMO,MT5,ZMQ,EURUSD
35,2020-04-17 15:26:01.388000,2020-04-17 15:26:01.653000,2020-04-17 15:26:03.558621,265.0,1905.621,2170.621,1.08741,1.08747,MM,MetaQuotes Software Corp.,DEMO,MT5,ZMQ,EURUSD
36,2020-04-17 15:26:01.487000,2020-04-17 15:26:01.752000,2020-04-17 15:26:03.584621,265.0,1832.621,2097.621,1.08741,1.08747,MM,MetaQuotes Software Corp.,DEMO,MT5,ZMQ,EURUSD
37,2020-04-17 15:26:01.582000,2020-04-17 15:26:01.847000,2020-04-17 15:26:03.609621,265.0,1762.621,2027.621,1.08741,1.08747,MM,MetaQuotes Software Corp.,DEMO,MT5,ZMQ,EURUSD
38,2020-04-17 15:26:01.689000,2020-04-17 15:26:01.954000,2020-04-17 15:26:03.634620,265.0,1680.62,1945.62,1.08741,1.08747,MM,MetaQuotes Software Corp.,DEMO,MT5,ZMQ,EURUSD
39,2020-04-17 15:26:01.780000,2020-04-17 15:26:02.045000,2020-04-17 15:26:03.660619,265.0,1615.619,1880.619,1.08741,1.08747,MM,MetaQuotes Software Corp.,DEMO,MT5,ZMQ,EURUSD
40,2020-04-17 15:26:01.886000,2020-04-17 15:26:02.151000,2020-04-17 15:26:03.685646,265.0,1534.646,1799.646,1.08741,1.08747,MM,MetaQuotes Software Corp.,DEMO,MT5,ZMQ,EURUSD
41,2020-04-17 15:26:01.985000,2020-04-17 15:26:02.250000,2020-04-17 15:26:03.709651,265.0,1459.651,1724.651,1.08741,1.08747,MM,MetaQuotes Software Corp.,DEMO,MT5,ZMQ,EURUSD
42,2020-04-17 15:26:02.079000,2020-04-17 15:26:02.344000,2020-04-17 15:26:03.734621,265.0,1390.621,1655.621,1.08741,1.08747,MM,MetaQuotes Software Corp.,DEMO,MT5,ZMQ,EURUSD
43,2020-04-17 15:26:02.187000,2020-04-17 15:26:02.452000,2020-04-17 15:26:03.760620,265.0,1308.62,1573.62,1.08741,1.08747,MM,MetaQuotes Software Corp.,DEMO,MT5,ZMQ,EURUSD
44,2020-04-17 15:26:02.279000,2020-04-17 15:26:02.544000,2020-04-17 15:26:03.784645,265.0,1240.645,1505.645,1.08741,1.08747,MM,MetaQuotes Software Corp.,DEMO,MT5,ZMQ,EURUSD
45,2020-04-17 15:26:02.390000,2020-04-17 15:26:02.655000,2020-04-17 15:26:03.809651,265.0,1154.651,1419.651,1.08741,1.08747,MM,MetaQuotes Software Corp.,DEMO,MT5,ZMQ,EURUSD
46,2020-04-17 15:26:02.489000,2020-04-17 15:26:02.754000,2020-04-17 15:26:03.834645,265.0,1080.645,1345.645,1.08741,1.08747,MM,MetaQuotes Software Corp.,DEMO,MT5,ZMQ,EURUSD
47,2020-04-17 15:26:02.583000,2020-04-17 15:26:02.848000,2020-04-17 15:26:03.859650,265.0,1011.65,1276.65,1.08741,1.08747,MM,MetaQuotes Software Corp.,DEMO,MT5,ZMQ,EURUSD
48,2020-04-17 15:26:02.684000,2020-04-17 15:26:02.949000,2020-04-17 15:26:03.884645,265.0,935.645,1200.645,1.08741,1.08747,MM,MetaQuotes Software Corp.,DEMO,MT5,ZMQ,EURUSD
49,2020-04-17 15:26:02.788000,2020-04-17 15:26:03.053000,2020-04-17 15:26:03.908646,265.0,855.646,1120.646,1.08741,1.08747,MM,MetaQuotes Software Corp.,DEMO,MT5,ZMQ,EURUSD
50,2020-04-17 15:26:02.890000,2020-04-17 15:26:03.155000,2020-04-17 15:26:03.933651,265.0,778.651,1043.651,1.08741,1.08747,MM,MetaQuotes Software Corp.,DEMO,MT5,ZMQ,EURUSD
51,2020-04-17 15:26:02.927000,2020-04-17 15:26:03.192000,2020-04-17 15:26:03.958651,265.0,766.651,1031.651,1.08744,1.08748,MM,MetaQuotes Software Corp.,DEMO,MT5,ZMQ,EURUSD
52,2020-04-17 15:26:02.985000,2020-04-17 15:26:03.250000,2020-04-17 15:26:03.983648,265.0,733.648,998.648,1.08744,1.08748,MM,MetaQuotes Software Corp.,DEMO,MT5,ZMQ,EURUSD
53,2020-04-17 15:26:03.080000,2020-04-17 15:26:03.345000,2020-04-17 15:26:04.008654,265.0,663.654,928.654,1.08744,1.08748,MM,MetaQuotes Software Corp.,DEMO,MT5,ZMQ,EURUSD
54,2020-04-17 15:26:03.101000,2020-04-17 15:26:03.366000,2020-04-17 15:26:04.033650,265.0,667.65,932.65,1.08744,1.08749,MM,MetaQuotes Software Corp.,DEMO,MT5,ZMQ,EURUSD
55,2020-04-17 15:26:03.187000,2020-04-17 15:26:03.452000,2020-04-17 15:26:04.058650,265.0,606.65,871.65,1.08744,1.08749,MM,MetaQuotes Software Corp.,DEMO,MT5,ZMQ,EURUSD
56,2020-04-17 15:26:03.278000,2020-04-17 15:26:03.543000,2020-04-17 15:26:04.083650,265.0,540.65,805.65,1.08744,1.08749,MM,MetaQuotes Software Corp.,DEMO,MT5,ZMQ,EURUSD
57,2020-04-17 15:26:03.382000,2020-04-17 15:26:03.647000,2020-04-17 15:26:04.107650,265.0,460.65,725.65,1.08744,1.08748,MM,MetaQuotes Software Corp.,DEMO,MT5,ZMQ,EURUSD
58,2020-04-17 15:26:03.386000,2020-04-17 15:26:03.651000,2020-04-17 15:26:04.131650,265.0,480.65,745.65,1.08744,1.08748,MM,MetaQuotes Software Corp.,DEMO,MT5,ZMQ,EURUSD
59,2020-04-17 15:26:03.440000,2020-04-17 15:26:03.705000,2020-04-17 15:26:04.155652,265.0,450.652,715.652,1.08742,1.08747,MM,MetaQuotes Software Corp.,DEMO,MT5,ZMQ,EURUSD
60,2020-04-17 15:26:03.481000,2020-04-17 15:26:03.746000,2020-04-17 15:26:04.180653,265.0,434.653,699.653,1.08742,1.08747,MM,MetaQuotes Software Corp.,DEMO,MT5,ZMQ,EURUSD
61,2020-04-17 15:26:03.576000,2020-04-17 15:26:03.841000,2020-04-17 15:26:04.204621,265.0,363.621,628.621,1.08742,1.08747,MM,MetaQuotes Software Corp.,DEMO,MT5,ZMQ,EURUSD
62,2020-04-17 15:26:03.590000,2020-04-17 15:26:03.855000,2020-04-17 15:26:04.229650,265.0,374.65,639.65,1.08742,1.08746,MM,MetaQuotes Software Corp.,DEMO,MT5,ZMQ,EURUSD
63,2020-04-17 15:26:03.643000,2020-04-17 15:26:03.908000,2020-04-17 15:26:04.254622,265.0,346.622,611.622,1.08743,1.08748,MM,MetaQuotes Software Corp.,DEMO,MT5,ZMQ,EURUSD
64,2020-04-17 15:26:03.689000,2020-04-17 15:26:03.954000,2020-04-17 15:26:04.278651,265.0,324.651,589.651,1.08743,1.08748,MM,MetaQuotes Software Corp.,DEMO,MT5,ZMQ,EURUSD
65,2020-04-17 15:26:03.701000,2020-04-17 15:26:03.966000,2020-04-17 15:26:04.302651,265.0,336.651,601.651,1.08744,1.08749,MM,MetaQuotes Software Corp.,DEMO,MT5,ZMQ,EURUSD
66,2020-04-17 15:26:03.781000,2020-04-17 15:26:04.046000,2020-04-17 15:26:04.326650,265.0,280.65,545.65,1.08744,1.0875,MM,MetaQuotes Software Corp.,DEMO,MT5,ZMQ,EURUSD
67,2020-04-17 15:26:03.781000,2020-04-17 15:26:04.046000,2020-04-17 15:26:04.351650,265.0,305.65,570.65,1.08744,1.0875,MM,MetaQuotes Software Corp.,DEMO,MT5,ZMQ,EURUSD
68,2020-04-17 15:26:03.795000,2020-04-17 15:26:04.060000,2020-04-17 15:26:04.375652,265.0,315.652,580.652,1.08744,1.08749,MM,MetaQuotes Software Corp.,DEMO,MT5,ZMQ,EURUSD
69,2020-04-17 15:26:03.887000,2020-04-17 15:26:04.152000,2020-04-17 15:26:04.399797,265.0,247.797,512.797,1.08744,1.08749,MM,MetaQuotes Software Corp.,DEMO,MT5,ZMQ,EURUSD
70,2020-04-17 15:26:03.985000,2020-04-17 15:26:04.250000,2020-04-17 15:26:04.424798,265.0,174.798,439.798,1.08744,1.08749,MM,MetaQuotes Software Corp.,DEMO,MT5,ZMQ,EURUSD
71,2020-04-17 15:26:04.080000,2020-04-17 15:26:04.345000,2020-04-17 15:26:04.449801,265.0,104.801,369.801,1.08744,1.08749,MM,MetaQuotes Software Corp.,DEMO,MT5,ZMQ,EURUSD
72,2020-04-17 15:26:04.114000,2020-04-17 15:26:04.379000,2020-04-17 15:26:04.474799,265.0,95.799,360.799,1.08744,1.0875,MM,MetaQuotes Software Corp.,DEMO,MT5,ZMQ,EURUSD
73,2020-04-17 15:26:04.183000,2020-04-17 15:26:04.448000,2020-04-17 15:26:04.499799,265.0,51.799,316.799,1.08744,1.0875,MM,MetaQuotes Software Corp.,DEMO,MT5,ZMQ,EURUSD
74,2020-04-17 15:26:04.208000,2020-04-17 15:26:04.473000,2020-04-17 15:26:04.523799,265.0,50.799,315.799,1.08745,1.08749,MM,MetaQuotes Software Corp.,DEMO,MT5,ZMQ,EURUSD
75,2020-04-17 15:26:04.284000,2020-04-17 15:26:04.549000,2020-04-17 15:26:04.553796,265.0,4.796,269.796,1.08745,1.08749,MM,MetaQuotes Software Corp.,DEMO,MT5,ZMQ,EURUSD
76,2020-04-17 15:26:04.319000,2020-04-17 15:26:04.584000,2020-04-17 15:26:04.588768,265.0,4.768,269.768,1.08746,1.08749,MM,MetaQuotes Software Corp.,DEMO,MT5,ZMQ,EURUSD
77,2020-04-17 15:26:04.334000,2020-04-17 15:26:04.599000,2020-04-17 15:26:04.613797,265.0,14.797,279.797,1.08746,1.08752,MM,MetaQuotes Software Corp.,DEMO,MT5,ZMQ,EURUSD
78,2020-04-17 15:26:04.390000,2020-04-17 15:26:04.655000,2020-04-17 15:26:04.659767,265.0,4.767,269.767,1.08746,1.08752,MM,MetaQuotes Software Corp.,DEMO,MT5,ZMQ,EURUSD
79,2020-04-17 15:26:04.489000,2020-04-17 15:26:04.754000,2020-04-17 15:26:04.758767,265.0,4.767,269.767,1.08746,1.08752,MM,MetaQuotes Software Corp.,DEMO,MT5,ZMQ,EURUSD
80,2020-04-17 15:26:04.584000,2020-04-17 15:26:04.849000,2020-04-17 15:26:04.853795,265.0,4.795,269.795,1.08746,1.08752,MM,MetaQuotes Software Corp.,DEMO,MT5,ZMQ,EURUSD
81,2020-04-17 15:26:04.685000,2020-04-17 15:26:04.950000,2020-04-17 15:26:04.954766,265.0,4.766,269.766,1.08746,1.08752,MM,MetaQuotes Software Corp.,DEMO,MT5,ZMQ,EURUSD
82,2020-04-17 15:26:04.776000,2020-04-17 15:26:05.041000,2020-04-17 15:26:05.045791,265.0,4.791,269.791,1.08746,1.08752,MM,MetaQuotes Software Corp.,DEMO,MT5,ZMQ,EURUSD
83,2020-04-17 15:26:04.819000,2020-04-17 15:26:05.084000,2020-04-17 15:26:05.088766,265.0,4.766,269.766,1.08748,1.08752,MM,MetaQuotes Software Corp.,DEMO,MT5,ZMQ,EURUSD
84,2020-04-17 15:26:04.822000,2020-04-17 15:26:05.087000,2020-04-17 15:26:05.112792,265.0,25.792,290.792,1.08749,1.08753,MM,MetaQuotes Software Corp.,DEMO,MT5,ZMQ,EURUSD
85,2020-04-17 15:26:04.870000,2020-04-17 15:26:05.135000,2020-04-17 15:26:05.139798,265.0,4.798,269.798,1.08749,1.08754,MM,MetaQuotes Software Corp.,DEMO,MT5,ZMQ,EURUSD
86,2020-04-17 15:26:04.888000,2020-04-17 15:26:05.153000,2020-04-17 15:26:05.163791,265.0,10.791,275.791,1.08749,1.08754,MM,MetaQuotes Software Corp.,DEMO,MT5,ZMQ,EURUSD
87,2020-04-17 15:26:04.963000,2020-04-17 15:26:05.228000,2020-04-17 15:26:05.232796,265.0,4.796,269.796,1.0875,1.08754,MM,MetaQuotes Software Corp.,DEMO,MT5,ZMQ,EURUSD
88,2020-04-17 15:26:04.989000,2020-04-17 15:26:05.254000,2020-04-17 15:26:05.257796,265.0,3.796,268.796,1.0875,1.08754,MM,MetaQuotes Software Corp.,DEMO,MT5,ZMQ,EURUSD
89,2020-04-17 15:26:05.016000,2020-04-17 15:26:05.281000,2020-04-17 15:26:05.285797,265.0,4.797,269.797,1.08751,1.08755,MM,MetaQuotes Software Corp.,DEMO,MT5,ZMQ,EURUSD
90,2020-04-17 15:26:05.079000,2020-04-17 15:26:05.344000,2020-04-17 15:26:05.347792,265.0,3.792,268.792,1.08751,1.08755,MM,MetaQuotes Software Corp.,DEMO,MT5,ZMQ,EURUSD
91,2020-04-17 15:26:05.105000,2020-04-17 15:26:05.370000,2020-04-17 15:26:05.374796,265.0,4.796,269.796,1.0875,1.08755,MM,MetaQuotes Software Corp.,DEMO,MT5,ZMQ,EURUSD
92,2020-04-17 15:26:05.189000,2020-04-17 15:26:05.454000,2020-04-17 15:26:05.457791,265.0,3.791,268.791,1.0875,1.08755,MM,MetaQuotes Software Corp.,DEMO,MT5,ZMQ,EURUSD
93,2020-04-17 15:26:05.281000,2020-04-17 15:26:05.546000,2020-04-17 15:26:05.550353,265.0,4.353,269.353,1.0875,1.08755,MM,MetaQuotes Software Corp.,DEMO,MT5,ZMQ,EURUSD
94,2020-04-17 15:26:05.387000,2020-04-17 15:26:05.652000,2020-04-17 15:26:05.656353,265.0,4.353,269.353,1.0875,1.08755,MM,MetaQuotes Software Corp.,DEMO,MT5,ZMQ,EURUSD
95,2020-04-17 15:26:05.487000,2020-04-17 15:26:05.752000,2020-04-17 15:26:05.756330,265.0,4.33,269.33,1.0875,1.08755,MM,MetaQuotes Software Corp.,DEMO,MT5,ZMQ,EURUSD
96,2020-04-17 15:26:05.581000,2020-04-17 15:26:05.846000,2020-04-17 15:26:05.849359,265.0,3.359,268.359,1.0875,1.08755,MM,MetaQuotes Software Corp.,DEMO,MT5,ZMQ,EURUSD
97,2020-04-17 15:26:05.689000,2020-04-17 15:26:05.954000,2020-04-17 15:26:05.958358,265.0,4.358,269.358,1.0875,1.08755,MM,MetaQuotes Software Corp.,DEMO,MT5,ZMQ,EURUSD
98,2020-04-17 15:26:05.781000,2020-04-17 15:26:06.046000,2020-04-17 15:26:06.050328,265.0,4.328,269.328,1.0875,1.08755,MM,MetaQuotes Software Corp.,DEMO,MT5,ZMQ,EURUSD
99,2020-04-17 15:26:05.820000,2020-04-17 15:26:06.085000,2020-04-17 15:26:06.089329,265.0,4.329,269.329,1.0875,1.08754,MM,MetaQuotes Software Corp.,DEMO,MT5,ZMQ,EURUSD
100,2020-04-17 15:26:05.869000,2020-04-17 15:26:06.134000,2020-04-17 15:26:06.138354,265.0,4.354,269.354,1.08749,1.08754,MM,MetaQuotes Software Corp.,DEMO,MT5,ZMQ,EURUSD
101,2020-04-17 15:26:05.889000,2020-04-17 15:26:06.154000,2020-04-17 15:26:06.164361,265.0,10.361,275.361,1.08749,1.08754,MM,MetaQuotes Software Corp.,DEMO,MT5,ZMQ,EURUSD
102,2020-04-17 15:26:05.949000,2020-04-17 15:26:06.214000,2020-04-17 15:26:06.219328,265.0,5.328,270.328,1.08749,1.08752,MM,MetaQuotes Software Corp.,DEMO,MT5,ZMQ,EURUSD
103,2020-04-17 15:26:05.986000,2020-04-17 15:26:06.251000,2020-04-17 15:26:06.255330,265.0,4.33,269.33,1.08749,1.08752,MM,MetaQuotes Software Corp.,DEMO,MT5,ZMQ,EURUSD
104,2020-04-17 15:26:06.001000,2020-04-17 15:26:06.266000,2020-04-17 15:26:06.285334,265.0,19.334,284.334,1.08749,1.08751,MM,MetaQuotes Software Corp.,DEMO,MT5,ZMQ,EURUSD
105,2020-04-17 15:26:06.072000,2020-04-17 15:26:06.337000,2020-04-17 15:26:06.342328,265.0,5.328,270.328,1.08747,1.08751,MM,MetaQuotes Software Corp.,DEMO,MT5,ZMQ,EURUSD
106,2020-04-17 15:26:06.088000,2020-04-17 15:26:06.353000,2020-04-17 15:26:06.369329,265.0,16.329,281.329,1.08747,1.08751,MM,MetaQuotes Software Corp.,DEMO,MT5,ZMQ,EURUSD
107,2020-04-17 15:26:06.124000,2020-04-17 15:26:06.389000,2020-04-17 15:26:06.396328,265.0,7.328,272.328,1.08747,1.08752,MM,MetaQuotes Software Corp.,DEMO,MT5,ZMQ,EURUSD
108,2020-04-17 15:26:06.132000,2020-04-17 15:26:06.397000,2020-04-17 15:26:06.423329,265.0,26.329,291.329,1.08748,1.08752,MM,MetaQuotes Software Corp.,DEMO,MT5,ZMQ,EURUSD
109,2020-04-17 15:26:06.186000,2020-04-17 15:26:06.451000,2020-04-17 15:26:06.455355,265.0,4.355,269.355,1.08748,1.08752,MM,MetaQuotes Software Corp.,DEMO,MT5,ZMQ,EURUSD
110,2020-04-17 15:26:06.201000,2020-04-17 15:26:06.466000,2020-04-17 15:26:06.482329,265.0,16.329,281.329,1.08748,1.08753,MM,MetaQuotes Software Corp.,DEMO,MT5,ZMQ,EURUSD
111,2020-04-17 15:26:06.277000,2020-04-17 15:26:06.542000,2020-04-17 15:26:06.546327,265.0,4.327,269.327,1.08748,1.08753,MM,MetaQuotes Software Corp.,DEMO,MT5,ZMQ,EURUSD
112,2020-04-17 15:26:06.388000,2020-04-17 15:26:06.653000,2020-04-17 15:26:06.657328,265.0,4.328,269.328,1.08748,1.08753,MM,MetaQuotes Software Corp.,DEMO,MT5,ZMQ,EURUSD
113,2020-04-17 15:26:06.487000,2020-04-17 15:26:06.752000,2020-04-17 15:26:06.756328,265.0,4.328,269.328,1.08748,1.08753,MM,MetaQuotes Software Corp.,DEMO,MT5,ZMQ,EURUSD
114,2020-04-17 15:26:06.581000,2020-04-17 15:26:06.846000,2020-04-17 15:26:06.850328,265.0,4.328,269.328,1.08748,1.08753,MM,MetaQuotes Software Corp.,DEMO,MT5,ZMQ,EURUSD
115,2020-04-17 15:26:06.689000,2020-04-17 15:26:06.954000,2020-04-17 15:26:06.958329,265.0,4.329,269.329,1.08748,1.08753,MM,MetaQuotes Software Corp.,DEMO,MT5,ZMQ,EURUSD
116,2020-04-17 15:26:06.780000,2020-04-17 15:26:07.045000,2020-04-17 15:26:07.049354,265.0,4.354,269.354,1.08748,1.08753,MM,MetaQuotes Software Corp.,DEMO,MT5,ZMQ,EURUSD
117,2020-04-17 15:26:06.877000,2020-04-17 15:26:07.142000,2020-04-17 15:26:07.147360,265.0,5.36,270.36,1.08748,1.08752,MM,MetaQuotes Software Corp.,DEMO,MT5,ZMQ,EURUSD
118,2020-04-17 15:26:06.886000,2020-04-17 15:26:07.151000,2020-04-17 15:26:07.174359,265.0,23.359,288.359,1.08748,1.08752,MM,MetaQuotes Software Corp.,DEMO,MT5,ZMQ,EURUSD
119,2020-04-17 15:26:06.957000,2020-04-17 15:26:07.222000,2020-04-17 15:26:07.226328,265.0,4.328,269.328,1.08747,1.08752,MM,MetaQuotes Software Corp.,DEMO,MT5,ZMQ,EURUSD
120,2020-04-17 15:26:06.982000,2020-04-17 15:26:07.247000,2020-04-17 15:26:07.252358,265.0,5.358,270.358,1.08747,1.08752,MM,MetaQuotes Software Corp.,DEMO,MT5,ZMQ,EURUSD
121,2020-04-17 15:26:07.041000,2020-04-17 15:26:07.306000,2020-04-17 15:26:07.310328,265.0,4.328,269.328,1.08742,1.08746,MM,MetaQuotes Software Corp.,DEMO,MT5,ZMQ,EURUSD
122,2020-04-17 15:26:07.093000,2020-04-17 15:26:07.358000,2020-04-17 15:26:07.362329,265.0,4.329,269.329,1.08742,1.08746,MM,MetaQuotes Software Corp.,DEMO,MT5,ZMQ,EURUSD
123,2020-04-17 15:26:07.186000,2020-04-17 15:26:07.451000,2020-04-17 15:26:07.455329,265.0,4.329,269.329,1.08742,1.08746,MM,MetaQuotes Software Corp.,DEMO,MT5,ZMQ,EURUSD
124,2020-04-17 15:26:07.255000,2020-04-17 15:26:07.520000,2020-04-17 15:26:07.524838,265.0,4.838,269.838,1.08741,1.08746,MM,MetaQuotes Software Corp.,DEMO,MT5,ZMQ,EURUSD
125,2020-04-17 15:26:07.284000,2020-04-17 15:26:07.549000,2020-04-17 15:26:07.553839,265.0,4.839,269.839,1.08741,1.08746,MM,MetaQuotes Software Corp.,DEMO,MT5,ZMQ,EURUSD
126,2020-04-17 15:26:07.333000,2020-04-17 15:26:07.598000,2020-04-17 15:26:07.602840,265.0,4.84,269.84,1.0874,1.08744,MM,MetaQuotes Software Corp.,DEMO,MT5,ZMQ,EURUSD
127,2020-04-17 15:26:07.388000,2020-04-17 15:26:07.653000,2020-04-17 15:26:07.657841,265.0,4.841,269.841,1.0874,1.08744,MM,MetaQuotes Software Corp.,DEMO,MT5,ZMQ,EURUSD
128,2020-04-17 15:26:07.438000,2020-04-17 15:26:07.703000,2020-04-17 15:26:07.707841,265.0,4.841,269.841,1.0874,1.08745,MM,MetaQuotes Software Corp.,DEMO,MT5,ZMQ,EURUSD
129,2020-04-17 15:26:07.476000,2020-04-17 15:26:07.741000,2020-04-17 15:26:07.745841,265.0,4.841,269.841,1.08739,1.08743,MM,MetaQuotes Software Corp.,DEMO,MT5,ZMQ,EURUSD
130,2020-04-17 15:26:07.484000,2020-04-17 15:26:07.749000,2020-04-17 15:26:07.772839,265.0,23.839,288.839,1.0874,1.08744,MM,MetaQuotes Software Corp.,DEMO,MT5,ZMQ,EURUSD
131,2020-04-17 15:26:07.484000,2020-04-17 15:26:07.749000,2020-04-17 15:26:07.798840,265.0,49.84,314.84,1.0874,1.08744,MM,MetaQuotes Software Corp.,DEMO,MT5,ZMQ,EURUSD
132,2020-04-17 15:26:07.556000,2020-04-17 15:26:07.821000,2020-04-17 15:26:07.825839,265.0,4.839,269.839,1.08739,1.08744,MM,MetaQuotes Software Corp.,DEMO,MT5,ZMQ,EURUSD
133,2020-04-17 15:26:07.589000,2020-04-17 15:26:07.854000,2020-04-17 15:26:07.858840,265.0,4.84,269.84,1.08739,1.08744,MM,MetaQuotes Software Corp.,DEMO,MT5,ZMQ,EURUSD
134,2020-04-17 15:26:07.690000,2020-04-17 15:26:07.955000,2020-04-17 15:26:07.959840,265.0,4.84,269.84,1.08739,1.08744,MM,MetaQuotes Software Corp.,DEMO,MT5,ZMQ,EURUSD
135,2020-04-17 15:26:07.736100,2020-04-17 15:26:08.001100,2020-04-17 15:26:08.006840,265.0,5.74,270.74,1.0874,1.08744,MM,MetaQuotes Software Corp.,DEMO,MT5,ZMQ,EURUSD
136,2020-04-17 15:26:07.781000,2020-04-17 15:26:08.046000,2020-04-17 15:26:08.050840,265.0,4.84,269.84,1.0874,1.08744,MM,MetaQuotes Software Corp.,DEMO,MT5,ZMQ,EURUSD
137,2020-04-17 15:26:07.887000,2020-04-17 15:26:08.152000,2020-04-17 15:26:08.156839,265.0,4.839,269.839,1.0874,1.08744,MM,MetaQuotes Software Corp.,DEMO,MT5,ZMQ,EURUSD
138,2020-04-17 15:26:07.946000,2020-04-17 15:26:08.211000,2020-04-17 15:26:08.215840,265.0,4.84,269.84,1.0874,1.08745,MM,MetaQuotes Software Corp.,DEMO,MT5,ZMQ,EURUSD
139,2020-04-17 15:26:07.988000,2020-04-17 15:26:08.253000,2020-04-17 15:26:08.257841,265.0,4.841,269.841,1.0874,1.08745,MM,MetaQuotes Software Corp.,DEMO,MT5,ZMQ,EURUSD
140,2020-04-17 15:26:08.083000,2020-04-17 15:26:08.348000,2020-04-17 15:26:08.352839,265.0,4.839,269.839,1.0874,1.08745,MM,MetaQuotes Software Corp.,DEMO,MT5,ZMQ,EURUSD
141,2020-04-17 15:26:08.183000,2020-04-17 15:26:08.448000,2020-04-17 15:26:08.452872,265.0,4.872,269.872,1.0874,1.08745,MM,MetaQuotes Software Corp.,DEMO,MT5,ZMQ,EURUSD
142,2020-04-17 15:26:08.288000,2020-04-17 15:26:08.553000,2020-04-17 15:26:08.557864,265.0,4.864,269.864,1.0874,1.08745,MM,MetaQuotes Software Corp.,DEMO,MT5,ZMQ,EURUSD
143,2020-04-17 15:26:08.386000,2020-04-17 15:26:08.651000,2020-04-17 15:26:08.655863,265.0,4.863,269.863,1.0874,1.08745,MM,MetaQuotes Software Corp.,DEMO,MT5,ZMQ,EURUSD
144,2020-04-17 15:26:08.485000,2020-04-17 15:26:08.750000,2020-04-17 15:26:08.754863,265.0,4.863,269.863,1.0874,1.08745,MM,MetaQuotes Software Corp.,DEMO,MT5,ZMQ,EURUSD
145,2020-04-17 15:26:08.579000,2020-04-17 15:26:08.844000,2020-04-17 15:26:08.848863,265.0,4.863,269.863,1.0874,1.08745,MM,MetaQuotes Software Corp.,DEMO,MT5,ZMQ,EURUSD
146,2020-04-17 15:26:08.686000,2020-04-17 15:26:08.951000,2020-04-17 15:26:08.955438,265.0,4.438,269.438,1.0874,1.08745,MM,MetaQuotes Software Corp.,DEMO,MT5,ZMQ,EURUSD
147,2020-04-17 15:26:08.778000,2020-04-17 15:26:09.043000,2020-04-17 15:26:09.047415,265.0,4.415,269.415,1.0874,1.08745,MM,MetaQuotes Software Corp.,DEMO,MT5,ZMQ,EURUSD
148,2020-04-17 15:26:08.890000,2020-04-17 15:26:09.155000,2020-04-17 15:26:09.159413,265.0,4.413,269.413,1.0874,1.08745,MM,MetaQuotes Software Corp.,DEMO,MT5,ZMQ,EURUSD
149,2020-04-17 15:26:08.988000,2020-04-17 15:26:09.253000,2020-04-17 15:26:09.257413,265.0,4.413,269.413,1.0874,1.08745,MM,MetaQuotes Software Corp.,DEMO,MT5,ZMQ,EURUSD
150,2020-04-17 15:26:09.083000,2020-04-17 15:26:09.348000,2020-04-17 15:26:09.352412,265.0,4.412,269.412,1.0874,1.08745,MM,MetaQuotes Software Corp.,DEMO,MT5,ZMQ,EURUSD
151,2020-04-17 15:26:09.183000,2020-04-17 15:26:09.448000,2020-04-17 15:26:09.452436,265.0,4.436,269.436,1.0874,1.08745,MM,MetaQuotes Software Corp.,DEMO,MT5,ZMQ,EURUSD
152,2020-04-17 15:26:09.288000,2020-04-17 15:26:09.553000,2020-04-17 15:26:09.557435,265.0,4.435,269.435,1.0874,1.08745,MM,MetaQuotes Software Corp.,DEMO,MT5,ZMQ,EURUSD
153,2020-04-17 15:26:09.325000,2020-04-17 15:26:09.590000,2020-04-17 15:26:09.595435,265.0,5.435,270.435,1.08741,1.08745,MM,MetaQuotes Software Corp.,DEMO,MT5,ZMQ,EURUSD
154,2020-04-17 15:26:09.371000,2020-04-17 15:26:09.636000,2020-04-17 15:26:09.640437,265.0,4.437,269.437,1.08742,1.08745,MM,MetaQuotes Software Corp.,DEMO,MT5,ZMQ,EURUSD
155,2020-04-17 15:26:09.377000,2020-04-17 15:26:09.642000,2020-04-17 15:26:09.667466,265.0,25.466,290.466,1.08743,1.08745,MM,MetaQuotes Software Corp.,DEMO,MT5,ZMQ,EURUSD
156,2020-04-17 15:26:09.386000,2020-04-17 15:26:09.651000,2020-04-17 15:26:09.695434,265.0,44.434,309.434,1.08743,1.08745,MM,MetaQuotes Software Corp.,DEMO,MT5,ZMQ,EURUSD
157,2020-04-17 15:26:09.437000,2020-04-17 15:26:09.702000,2020-04-17 15:26:09.721436,265.0,19.436,284.436,1.08743,1.08747,MM,MetaQuotes Software Corp.,DEMO,MT5,ZMQ,EURUSD
158,2020-04-17 15:26:09.472000,2020-04-17 15:26:09.737000,2020-04-17 15:26:09.747436,265.0,10.436,275.436,1.08743,1.08748,MM,MetaQuotes Software Corp.,DEMO,MT5,ZMQ,EURUSD
159,2020-04-17 15:26:09.483000,2020-04-17 15:26:09.748000,2020-04-17 15:26:09.772463,265.0,24.463,289.463,1.08743,1.08748,MM,MetaQuotes Software Corp.,DEMO,MT5,ZMQ,EURUSD
160,2020-04-17 15:26:09.577000,2020-04-17 15:26:09.842000,2020-04-17 15:26:09.845979,265.0,3.979,268.979,1.08743,1.08748,MM,MetaQuotes Software Corp.,DEMO,MT5,ZMQ,EURUSD
161,2020-04-17 15:26:09.684000,2020-04-17 15:26:09.949000,2020-04-17 15:26:09.953526,265.0,4.526,269.526,1.08743,1.08748,MM,MetaQuotes Software Corp.,DEMO,MT5,ZMQ,EURUSD
162,2020-04-17 15:26:09.788000,2020-04-17 15:26:10.053000,2020-04-17 15:26:10.057525,265.0,4.525,269.525,1.08743,1.08748,MM,MetaQuotes Software Corp.,DEMO,MT5,ZMQ,EURUSD
163,2020-04-17 15:26:09.886000,2020-04-17 15:26:10.151000,2020-04-17 15:26:10.155525,265.0,4.525,269.525,1.08743,1.08748,MM,MetaQuotes Software Corp.,DEMO,MT5,ZMQ,EURUSD
164,2020-04-17 15:26:09.984000,2020-04-17 15:26:10.249000,2020-04-17 15:26:10.253558,265.0,4.558,269.558,1.08743,1.08748,MM,MetaQuotes Software Corp.,DEMO,MT5,ZMQ,EURUSD
165,2020-04-17 15:26:10.078000,2020-04-17 15:26:10.343000,2020-04-17 15:26:10.347562,265.0,4.562,269.562,1.08743,1.08748,MM,MetaQuotes Software Corp.,DEMO,MT5,ZMQ,EURUSD
166,2020-04-17 15:26:10.186000,2020-04-17 15:26:10.451000,2020-04-17 15:26:10.455562,265.0,4.562,269.562,1.08743,1.08748,MM,MetaQuotes Software Corp.,DEMO,MT5,ZMQ,EURUSD
167,2020-04-17 15:26:10.277000,2020-04-17 15:26:10.542000,2020-04-17 15:26:10.546563,265.0,4.563,269.563,1.08743,1.08748,MM,MetaQuotes Software Corp.,DEMO,MT5,ZMQ,EURUSD
168,2020-04-17 15:26:10.388000,2020-04-17 15:26:10.653000,2020-04-17 15:26:10.657561,265.0,4.561,269.561,1.08743,1.08748,MM,MetaQuotes Software Corp.,DEMO,MT5,ZMQ,EURUSD
169,2020-04-17 15:26:10.487000,2020-04-17 15:26:10.752000,2020-04-17 15:26:10.756563,265.0,4.563,269.563,1.08743,1.08748,MM,MetaQuotes Software Corp.,DEMO,MT5,ZMQ,EURUSD
170,2020-04-17 15:26:10.581000,2020-04-17 15:26:10.846000,2020-04-17 15:26:10.850562,265.0,4.562,269.562,1.08743,1.08748,MM,MetaQuotes Software Corp.,DEMO,MT5,ZMQ,EURUSD
171,2020-04-17 15:26:10.688000,2020-04-17 15:26:10.953000,2020-04-17 15:26:10.957592,265.0,4.592,269.592,1.08743,1.08748,MM,MetaQuotes Software Corp.,DEMO,MT5,ZMQ,EURUSD
172,2020-04-17 15:26:10.780000,2020-04-17 15:26:11.045000,2020-04-17 15:26:11.049595,265.0,4.595,269.595,1.08743,1.08748,MM,MetaQuotes Software Corp.,DEMO,MT5,ZMQ,EURUSD
173,2020-04-17 15:26:10.887000,2020-04-17 15:26:11.152000,2020-04-17 15:26:11.156562,265.0,4.562,269.562,1.08743,1.08748,MM,MetaQuotes Software Corp.,DEMO,MT5,ZMQ,EURUSD
174,2020-04-17 15:26:10.986000,2020-04-17 15:26:11.251000,2020-04-17 15:26:11.255593,265.0,4.593,269.593,1.08743,1.08748,MM,MetaQuotes Software Corp.,DEMO,MT5,ZMQ,EURUSD
175,2020-04-17 15:26:11.080000,2020-04-17 15:26:11.345000,2020-04-17 15:26:11.349561,265.0,4.561,269.561,1.08743,1.08748,MM,MetaQuotes Software Corp.,DEMO,MT5,ZMQ,EURUSD
176,2020-04-17 15:26:11.093000,2020-04-17 15:26:11.358000,2020-04-17 15:26:11.375562,265.0,17.562,282.562,1.08743,1.08747,MM,MetaQuotes Software Corp.,DEMO,MT5,ZMQ,EURUSD
177,2020-04-17 15:26:11.169000,2020-04-17 15:26:11.434000,2020-04-17 15:26:11.439561,265.0,5.561,270.561,1.08742,1.08746,MM,MetaQuotes Software Corp.,DEMO,MT5,ZMQ,EURUSD
178,2020-04-17 15:26:11.183000,2020-04-17 15:26:11.448000,2020-04-17 15:26:11.466562,265.0,18.562,283.562,1.08742,1.08746,MM,MetaQuotes Software Corp.,DEMO,MT5,ZMQ,EURUSD
179,2020-04-17 15:26:11.287000,2020-04-17 15:26:11.552000,2020-04-17 15:26:11.556562,265.0,4.562,269.562,1.08742,1.08746,MM,MetaQuotes Software Corp.,DEMO,MT5,ZMQ,EURUSD
180,2020-04-17 15:26:11.392000,2020-04-17 15:26:11.657000,2020-04-17 15:26:11.661562,265.0,4.562,269.562,1.08742,1.08746,MM,MetaQuotes Software Corp.,DEMO,MT5,ZMQ,EURUSD
181,2020-04-17 15:26:11.399000,2020-04-17 15:26:11.664000,2020-04-17 15:26:11.688560,265.0,24.56,289.56,1.08741,1.08746,MM,MetaQuotes Software Corp.,DEMO,MT5,ZMQ,EURUSD
182,2020-04-17 15:26:11.487000,2020-04-17 15:26:11.752000,2020-04-17 15:26:11.756562,265.0,4.562,269.562,1.08741,1.08745,MM,MetaQuotes Software Corp.,DEMO,MT5,ZMQ,EURUSD
183,2020-04-17 15:26:11.581000,2020-04-17 15:26:11.846000,2020-04-17 15:26:11.850561,265.0,4.561,269.561,1.08741,1.08745,MM,MetaQuotes Software Corp.,DEMO,MT5,ZMQ,EURUSD
184,2020-04-17 15:26:11.689000,2020-04-17 15:26:11.954000,2020-04-17 15:26:11.958589,265.0,4.589,269.589,1.08741,1.08745,MM,MetaQuotes Software Corp.,DEMO,MT5,ZMQ,EURUSD
185,2020-04-17 15:26:11.781000,2020-04-17 15:26:12.046000,2020-04-17 15:26:12.050589,265.0,4.589,269.589,1.08741,1.08745,MM,MetaQuotes Software Corp.,DEMO,MT5,ZMQ,EURUSD
186,2020-04-17 15:26:11.786000,2020-04-17 15:26:12.051000,2020-04-17 15:26:12.076562,265.0,25.562,290.562,1.0874,1.08745,MM,MetaQuotes Software Corp.,DEMO,MT5,ZMQ,EURUSD
187,2020-04-17 15:26:11.888000,2020-04-17 15:26:12.153000,2020-04-17 15:26:12.157562,265.0,4.562,269.562,1.0874,1.08745,MM,MetaQuotes Software Corp.,DEMO,MT5,ZMQ,EURUSD
188,2020-04-17 15:26:11.988000,2020-04-17 15:26:12.253000,2020-04-17 15:26:12.257570,265.0,4.57,269.57,1.0874,1.08745,MM,MetaQuotes Software Corp.,DEMO,MT5,ZMQ,EURUSD
189,2020-04-17 15:26:12.082000,2020-04-17 15:26:12.347000,2020-04-17 15:26:12.351592,265.0,4.592,269.592,1.0874,1.08745,MM,MetaQuotes Software Corp.,DEMO,MT5,ZMQ,EURUSD
190,2020-04-17 15:26:12.183000,2020-04-17 15:26:12.448000,2020-04-17 15:26:12.452164,265.0,4.164,269.164,1.0874,1.08745,MM,MetaQuotes Software Corp.,DEMO,MT5,ZMQ,EURUSD
191,2020-04-17 15:26:12.288000,2020-04-17 15:26:12.553000,2020-04-17 15:26:12.557163,265.0,4.163,269.163,1.0874,1.08745,MM,MetaQuotes Software Corp.,DEMO,MT5,ZMQ,EURUSD
192,2020-04-17 15:26:12.386000,2020-04-17 15:26:12.651000,2020-04-17 15:26:12.655167,265.0,4.167,269.167,1.0874,1.08745,MM,MetaQuotes Software Corp.,DEMO,MT5,ZMQ,EURUSD
193,2020-04-17 15:26:12.426000,2020-04-17 15:26:12.691000,2020-04-17 15:26:12.695167,265.0,4.167,269.167,1.0874,1.08746,MM,MetaQuotes Software Corp.,DEMO,MT5,ZMQ,EURUSD
194,2020-04-17 15:26:12.484000,2020-04-17 15:26:12.749000,2020-04-17 15:26:12.753163,265.0,4.163,269.163,1.0874,1.08746,MM,MetaQuotes Software Corp.,DEMO,MT5,ZMQ,EURUSD
195,2020-04-17 15:26:12.529000,2020-04-17 15:26:12.794000,2020-04-17 15:26:12.799168,265.0,5.168,270.168,1.08741,1.08746,MM,MetaQuotes Software Corp.,DEMO,MT5,ZMQ,EURUSD
196,2020-04-17 15:26:12.576000,2020-04-17 15:26:12.841000,2020-04-17 15:26:12.845170,265.0,4.17,269.17,1.08741,1.08746,MM,MetaQuotes Software Corp.,DEMO,MT5,ZMQ,EURUSD
197,2020-04-17 15:26:12.684000,2020-04-17 15:26:12.949000,2020-04-17 15:26:12.953167,265.0,4.167,269.167,1.08741,1.08746,MM,MetaQuotes Software Corp.,DEMO,MT5,ZMQ,EURUSD
198,2020-04-17 15:26:12.789000,2020-04-17 15:26:13.054000,2020-04-17 15:26:13.058170,265.0,4.17,269.17,1.08741,1.08746,MM,MetaQuotes Software Corp.,DEMO,MT5,ZMQ,EURUSD
199,2020-04-17 15:26:12.886000,2020-04-17 15:26:13.151000,2020-04-17 15:26:13.155316,265.0,4.316,269.316,1.08741,1.08746,MM,MetaQuotes Software Corp.,DEMO,MT5,ZMQ,EURUSD
200,2020-04-17 15:26:12.985000,2020-04-17 15:26:13.250000,2020-04-17 15:26:13.254287,265.0,4.287,269.287,1.08741,1.08746,MM,MetaQuotes Software Corp.,DEMO,MT5,ZMQ,EURUSD
201,2020-04-17 15:26:13.079000,2020-04-17 15:26:13.344000,2020-04-17 15:26:13.348312,265.0,4.312,269.312,1.08741,1.08746,MM,MetaQuotes Software Corp.,DEMO,MT5,ZMQ,EURUSD
202,2020-04-17 15:26:13.187000,2020-04-17 15:26:13.452000,2020-04-17 15:26:13.456311,265.0,4.311,269.311,1.08741,1.08746,MM,MetaQuotes Software Corp.,DEMO,MT5,ZMQ,EURUSD
203,2020-04-17 15:26:13.201000,2020-04-17 15:26:13.466000,2020-04-17 15:26:13.482313,265.0,16.313,281.313,1.0874,1.08746,MM,MetaQuotes Software Corp.,DEMO,MT5,ZMQ,EURUSD
204,2020-04-17 15:26:13.277000,2020-04-17 15:26:13.542000,2020-04-17 15:26:13.546286,265.0,4.286,269.286,1.0874,1.08746,MM,MetaQuotes Software Corp.,DEMO,MT5,ZMQ,EURUSD
205,2020-04-17 15:26:13.308000,2020-04-17 15:26:13.573000,2020-04-17 15:26:13.578286,265.0,5.286,270.286,1.08741,1.08745,MM,MetaQuotes Software Corp.,DEMO,MT5,ZMQ,EURUSD
206,2020-04-17 15:26:13.388000,2020-04-17 15:26:13.653000,2020-04-17 15:26:13.658284,265.0,5.284,270.284,1.08741,1.08745,MM,MetaQuotes Software Corp.,DEMO,MT5,ZMQ,EURUSD
207,2020-04-17 15:26:13.457000,2020-04-17 15:26:13.722000,2020-04-17 15:26:13.726288,265.0,4.288,269.288,1.08739,1.08744,MM,MetaQuotes Software Corp.,DEMO,MT5,ZMQ,EURUSD
208,2020-04-17 15:26:13.482000,2020-04-17 15:26:13.747000,2020-04-17 15:26:13.752319,265.0,5.319,270.319,1.08739,1.08744,MM,MetaQuotes Software Corp.,DEMO,MT5,ZMQ,EURUSD
209,2020-04-17 15:26:13.577000,2020-04-17 15:26:13.842000,2020-04-17 15:26:13.846312,265.0,4.312,269.312,1.08739,1.08744,MM,MetaQuotes Software Corp.,DEMO,MT5,ZMQ,EURUSD
210,2020-04-17 15:26:13.684000,2020-04-17 15:26:13.949000,2020-04-17 15:26:13.953799,265.0,4.799,269.799,1.08739,1.08744,MM,MetaQuotes Software Corp.,DEMO,MT5,ZMQ,EURUSD
211,2020-04-17 15:26:13.789000,2020-04-17 15:26:14.054000,2020-04-17 15:26:14.058828,265.0,4.828,269.828,1.08739,1.08744,MM,MetaQuotes Software Corp.,DEMO,MT5,ZMQ,EURUSD
212,2020-04-17 15:26:13.887000,2020-04-17 15:26:14.152000,2020-04-17 15:26:14.156823,265.0,4.823,269.823,1.08739,1.08744,MM,MetaQuotes Software Corp.,DEMO,MT5,ZMQ,EURUSD
213,2020-04-17 15:26:13.986000,2020-04-17 15:26:14.251000,2020-04-17 15:26:14.255828,265.0,4.828,269.828,1.08739,1.08744,MM,MetaQuotes Software Corp.,DEMO,MT5,ZMQ,EURUSD
214,2020-04-17 15:26:14.081000,2020-04-17 15:26:14.346000,2020-04-17 15:26:14.350830,265.0,4.83,269.83,1.08739,1.08744,MM,MetaQuotes Software Corp.,DEMO,MT5,ZMQ,EURUSD
215,2020-04-17 15:26:14.189000,2020-04-17 15:26:14.454000,2020-04-17 15:26:14.458828,265.0,4.828,269.828,1.08739,1.08744,MM,MetaQuotes Software Corp.,DEMO,MT5,ZMQ,EURUSD
216,2020-04-17 15:26:14.281000,2020-04-17 15:26:14.546000,2020-04-17 15:26:14.550828,265.0,4.828,269.828,1.08739,1.08744,MM,MetaQuotes Software Corp.,DEMO,MT5,ZMQ,EURUSD
217,2020-04-17 15:26:14.389000,2020-04-17 15:26:14.654000,2020-04-17 15:26:14.658406,265.0,4.406,269.406,1.08739,1.08744,MM,MetaQuotes Software Corp.,DEMO,MT5,ZMQ,EURUSD
218,2020-04-17 15:26:14.487000,2020-04-17 15:26:14.752000,2020-04-17 15:26:14.756376,265.0,4.376,269.376,1.08739,1.08744,MM,MetaQuotes Software Corp.,DEMO,MT5,ZMQ,EURUSD
219,2020-04-17 15:26:14.582000,2020-04-17 15:26:14.847000,2020-04-17 15:26:14.851405,265.0,4.405,269.405,1.08739,1.08744,MM,MetaQuotes Software Corp.,DEMO,MT5,ZMQ,EURUSD
220,2020-04-17 15:26:14.683000,2020-04-17 15:26:14.948000,2020-04-17 15:26:14.952377,265.0,4.377,269.377,1.08739,1.08744,MM,MetaQuotes Software Corp.,DEMO,MT5,ZMQ,EURUSD
221,2020-04-17 15:26:14.788000,2020-04-17 15:26:15.053000,2020-04-17 15:26:15.057408,265.0,4.408,269.408,1.08739,1.08744,MM,MetaQuotes Software Corp.,DEMO,MT5,ZMQ,EURUSD
222,2020-04-17 15:26:14.886000,2020-04-17 15:26:15.151000,2020-04-17 15:26:15.155402,265.0,4.402,269.402,1.08739,1.08744,MM,MetaQuotes Software Corp.,DEMO,MT5,ZMQ,EURUSD
223,2020-04-17 15:26:14.984000,2020-04-17 15:26:15.249000,2020-04-17 15:26:15.253376,265.0,4.376,269.376,1.08739,1.08744,MM,MetaQuotes Software Corp.,DEMO,MT5,ZMQ,EURUSD
224,2020-04-17 15:26:15.078000,2020-04-17 15:26:15.343000,2020-04-17 15:26:15.347974,265.0,4.974,269.974,1.08739,1.08744,MM,MetaQuotes Software Corp.,DEMO,MT5,ZMQ,EURUSD
225,2020-04-17 15:26:15.187000,2020-04-17 15:26:15.452000,2020-04-17 15:26:15.456944,265.0,4.944,269.944,1.08739,1.08744,MM,MetaQuotes Software Corp.,DEMO,MT5,ZMQ,EURUSD
226,2020-04-17 15:26:15.278000,2020-04-17 15:26:15.543000,2020-04-17 15:26:15.547977,265.0,4.977,269.977,1.08739,1.08744,MM,MetaQuotes Software Corp.,DEMO,MT5,ZMQ,EURUSD
227,2020-04-17 15:26:15.389000,2020-04-17 15:26:15.654000,2020-04-17 15:26:15.658972,265.0,4.972,269.972,1.08739,1.08744,MM,MetaQuotes Software Corp.,DEMO,MT5,ZMQ,EURUSD
228,2020-04-17 15:26:15.489000,2020-04-17 15:26:15.754000,2020-04-17 15:26:15.758974,265.0,4.974,269.974,1.08739,1.08744,MM,MetaQuotes Software Corp.,DEMO,MT5,ZMQ,EURUSD
229,2020-04-17 15:26:15.492000,2020-04-17 15:26:15.757000,2020-04-17 15:26:15.784974,265.0,27.974,292.974,1.0874,1.08744,MM,MetaQuotes Software Corp.,DEMO,MT5,ZMQ,EURUSD
230,2020-04-17 15:26:15.586000,2020-04-17 15:26:15.851000,2020-04-17 15:26:15.855974,265.0,4.974,269.974,1.0874,1.08744,MM,MetaQuotes Software Corp.,DEMO,MT5,ZMQ,EURUSD
231,2020-04-17 15:26:15.687000,2020-04-17 15:26:15.952000,2020-04-17 15:26:15.956974,265.0,4.974,269.974,1.0874,1.08744,MM,MetaQuotes Software Corp.,DEMO,MT5,ZMQ,EURUSD
232,2020-04-17 15:26:15.778000,2020-04-17 15:26:16.043000,2020-04-17 15:26:16.047970,265.0,4.97,269.97,1.0874,1.08744,MM,MetaQuotes Software Corp.,DEMO,MT5,ZMQ,EURUSD
233,2020-04-17 15:26:15.890000,2020-04-17 15:26:16.155000,2020-04-17 15:26:16.159967,265.0,4.967,269.967,1.0874,1.08744,MM,MetaQuotes Software Corp.,DEMO,MT5,ZMQ,EURUSD
234,2020-04-17 15:26:15.979000,2020-04-17 15:26:16.244000,2020-04-17 15:26:16.248976,265.0,4.976,269.976,1.0874,1.08744,MM,MetaQuotes Software Corp.,DEMO,MT5,ZMQ,EURUSD
235,2020-04-17 15:26:16.074000,2020-04-17 15:26:16.339000,2020-04-17 15:26:16.343974,265.0,4.974,269.974,1.0874,1.08744,MM,MetaQuotes Software Corp.,DEMO,MT5,ZMQ,EURUSD
236,2020-04-17 15:26:16.188000,2020-04-17 15:26:16.453000,2020-04-17 15:26:16.457943,265.0,4.943,269.943,1.0874,1.08744,MM,MetaQuotes Software Corp.,DEMO,MT5,ZMQ,EURUSD
237,2020-04-17 15:26:16.280000,2020-04-17 15:26:16.545000,2020-04-17 15:26:16.549943,265.0,4.943,269.943,1.0874,1.08744,MM,MetaQuotes Software Corp.,DEMO,MT5,ZMQ,EURUSD
238,2020-04-17 15:26:16.387000,2020-04-17 15:26:16.652000,2020-04-17 15:26:16.656943,265.0,4.943,269.943,1.0874,1.08744,MM,MetaQuotes Software Corp.,DEMO,MT5,ZMQ,EURUSD
239,2020-04-17 15:26:16.486000,2020-04-17 15:26:16.751000,2020-04-17 15:26:16.755970,265.0,4.97,269.97,1.0874,1.08744,MM,MetaQuotes Software Corp.,DEMO,MT5,ZMQ,EURUSD
240,2020-04-17 15:26:16.580000,2020-04-17 15:26:16.845000,2020-04-17 15:26:16.849974,265.0,4.974,269.974,1.0874,1.08744,MM,MetaQuotes Software Corp.,DEMO,MT5,ZMQ,EURUSD
241,2020-04-17 15:26:16.689000,2020-04-17 15:26:16.954000,2020-04-17 15:26:16.958974,265.0,4.974,269.974,1.0874,1.08744,MM,MetaQuotes Software Corp.,DEMO,MT5,ZMQ,EURUSD
242,2020-04-17 15:26:16.781000,2020-04-17 15:26:17.046000,2020-04-17 15:26:17.050977,265.0,4.977,269.977,1.0874,1.08744,MM,MetaQuotes Software Corp.,DEMO,MT5,ZMQ,EURUSD
243,2020-04-17 15:26:16.888000,2020-04-17 15:26:17.153000,2020-04-17 15:26:17.157975,265.0,4.975,269.975,1.0874,1.08744,MM,MetaQuotes Software Corp.,DEMO,MT5,ZMQ,EURUSD
244,2020-04-17 15:26:16.987000,2020-04-17 15:26:17.252000,2020-04-17 15:26:17.256978,265.0,4.978,269.978,1.0874,1.08744,MM,MetaQuotes Software Corp.,DEMO,MT5,ZMQ,EURUSD
245,2020-04-17 15:26:17.082000,2020-04-17 15:26:17.347000,2020-04-17 15:26:17.351974,265.0,4.974,269.974,1.0874,1.08744,MM,MetaQuotes Software Corp.,DEMO,MT5,ZMQ,EURUSD
246,2020-04-17 15:26:17.190000,2020-04-17 15:26:17.455000,2020-04-17 15:26:17.459945,265.0,4.945,269.945,1.0874,1.08744,MM,MetaQuotes Software Corp.,DEMO,MT5,ZMQ,EURUSD
247,2020-04-17 15:26:17.282000,2020-04-17 15:26:17.547000,2020-04-17 15:26:17.551943,265.0,4.943,269.943,1.0874,1.08744,MM,MetaQuotes Software Corp.,DEMO,MT5,ZMQ,EURUSD
248,2020-04-17 15:26:17.388000,2020-04-17 15:26:17.653000,2020-04-17 15:26:17.657943,265.0,4.943,269.943,1.0874,1.08744,MM,MetaQuotes Software Corp.,DEMO,MT5,ZMQ,EURUSD
249,2020-04-17 15:26:17.487000,2020-04-17 15:26:17.752000,2020-04-17 15:26:17.756944,265.0,4.944,269.944,1.0874,1.08744,MM,MetaQuotes Software Corp.,DEMO,MT5,ZMQ,EURUSD
250,2020-04-17 15:26:17.581000,2020-04-17 15:26:17.846000,2020-04-17 15:26:17.850943,265.0,4.943,269.943,1.0874,1.08744,MM,MetaQuotes Software Corp.,DEMO,MT5,ZMQ,EURUSD
251,2020-04-17 15:26:17.673000,2020-04-17 15:26:17.938000,2020-04-17 15:26:17.942974,265.0,4.974,269.974,1.0874,1.08745,MM,MetaQuotes Software Corp.,DEMO,MT5,ZMQ,EURUSD
252,2020-04-17 15:26:17.688000,2020-04-17 15:26:17.953000,2020-04-17 15:26:17.967974,265.0,14.974,279.974,1.0874,1.08745,MM,MetaQuotes Software Corp.,DEMO,MT5,ZMQ,EURUSD
253,2020-04-17 15:26:17.780000,2020-04-17 15:26:18.045000,2020-04-17 15:26:18.049549,265.0,4.549,269.549,1.0874,1.08745,MM,MetaQuotes Software Corp.,DEMO,MT5,ZMQ,EURUSD
254,2020-04-17 15:26:17.887000,2020-04-17 15:26:18.152000,2020-04-17 15:26:18.156517,265.0,4.517,269.517,1.0874,1.08745,MM,MetaQuotes Software Corp.,DEMO,MT5,ZMQ,EURUSD
255,2020-04-17 15:26:17.986000,2020-04-17 15:26:18.251000,2020-04-17 15:26:18.255542,265.0,4.542,269.542,1.0874,1.08745,MM,MetaQuotes Software Corp.,DEMO,MT5,ZMQ,EURUSD
256,2020-04-17 15:26:18.081000,2020-04-17 15:26:18.346000,2020-04-17 15:26:18.350542,265.0,4.542,269.542,1.0874,1.08745,MM,MetaQuotes Software Corp.,DEMO,MT5,ZMQ,EURUSD
257,2020-04-17 15:26:18.190000,2020-04-17 15:26:18.455000,2020-04-17 15:26:18.459546,265.0,4.546,269.546,1.0874,1.08745,MM,MetaQuotes Software Corp.,DEMO,MT5,ZMQ,EURUSD
258,2020-04-17 15:26:18.281000,2020-04-17 15:26:18.546000,2020-04-17 15:26:18.550546,265.0,4.546,269.546,1.0874,1.08745,MM,MetaQuotes Software Corp.,DEMO,MT5,ZMQ,EURUSD
259,2020-04-17 15:26:18.386000,2020-04-17 15:26:18.651000,2020-04-17 15:26:18.655543,265.0,4.543,269.543,1.0874,1.08745,MM,MetaQuotes Software Corp.,DEMO,MT5,ZMQ,EURUSD
260,2020-04-17 15:26:18.486000,2020-04-17 15:26:18.751000,2020-04-17 15:26:18.755542,265.0,4.542,269.542,1.0874,1.08745,MM,MetaQuotes Software Corp.,DEMO,MT5,ZMQ,EURUSD
261,2020-04-17 15:26:18.507000,2020-04-17 15:26:18.772000,2020-04-17 15:26:18.780515,265.0,8.515,273.515,1.0874,1.08744,MM,MetaQuotes Software Corp.,DEMO,MT5,ZMQ,EURUSD
262,2020-04-17 15:26:18.586000,2020-04-17 15:26:18.851000,2020-04-17 15:26:18.855547,265.0,4.547,269.547,1.0874,1.08744,MM,MetaQuotes Software Corp.,DEMO,MT5,ZMQ,EURUSD
263,2020-04-17 15:26:18.686000,2020-04-17 15:26:18.951000,2020-04-17 15:26:18.955549,265.0,4.549,269.549,1.0874,1.08744,MM,MetaQuotes Software Corp.,DEMO,MT5,ZMQ,EURUSD
264,2020-04-17 15:26:18.778000,2020-04-17 15:26:19.043000,2020-04-17 15:26:19.047547,265.0,4.547,269.547,1.0874,1.08744,MM,MetaQuotes Software Corp.,DEMO,MT5,ZMQ,EURUSD
265,2020-04-17 15:26:18.890000,2020-04-17 15:26:19.155000,2020-04-17 15:26:19.159548,265.0,4.548,269.548,1.0874,1.08744,MM,MetaQuotes Software Corp.,DEMO,MT5,ZMQ,EURUSD
266,2020-04-17 15:26:18.989000,2020-04-17 15:26:19.254000,2020-04-17 15:26:19.257547,265.0,3.547,268.547,1.0874,1.08744,MM,MetaQuotes Software Corp.,DEMO,MT5,ZMQ,EURUSD
267,2020-04-17 15:26:19.084000,2020-04-17 15:26:19.349000,2020-04-17 15:26:19.353518,265.0,4.518,269.518,1.0874,1.08744,MM,MetaQuotes Software Corp.,DEMO,MT5,ZMQ,EURUSD
268,2020-04-17 15:26:19.185000,2020-04-17 15:26:19.450000,2020-04-17 15:26:19.454101,265.0,4.101,269.101,1.0874,1.08744,MM,MetaQuotes Software Corp.,DEMO,MT5,ZMQ,EURUSD
269,2020-04-17 15:26:19.290000,2020-04-17 15:26:19.555000,2020-04-17 15:26:19.559095,265.0,4.095,269.095,1.0874,1.08744,MM,MetaQuotes Software Corp.,DEMO,MT5,ZMQ,EURUSD
270,2020-04-17 15:26:19.388000,2020-04-17 15:26:19.653000,2020-04-17 15:26:19.657097,265.0,4.097,269.097,1.0874,1.08744,MM,MetaQuotes Software Corp.,DEMO,MT5,ZMQ,EURUSD
271,2020-04-17 15:26:19.488000,2020-04-17 15:26:19.753000,2020-04-17 15:26:19.757064,265.0,4.064,269.064,1.0874,1.08744,MM,MetaQuotes Software Corp.,DEMO,MT5,ZMQ,EURUSD
272,2020-04-17 15:26:19.582000,2020-04-17 15:26:19.847000,2020-04-17 15:26:19.851088,265.0,4.088,269.088,1.0874,1.08744,MM,MetaQuotes Software Corp.,DEMO,MT5,ZMQ,EURUSD
273,2020-04-17 15:26:19.683000,2020-04-17 15:26:19.948000,2020-04-17 15:26:19.952092,265.0,4.092,269.092,1.0874,1.08744,MM,MetaQuotes Software Corp.,DEMO,MT5,ZMQ,EURUSD
274,2020-04-17 15:26:19.788000,2020-04-17 15:26:20.053000,2020-04-17 15:26:20.057098,265.0,4.098,269.098,1.0874,1.08744,MM,MetaQuotes Software Corp.,DEMO,MT5,ZMQ,EURUSD
275,2020-04-17 15:26:19.890000,2020-04-17 15:26:20.155000,2020-04-17 15:26:20.159095,265.0,4.095,269.095,1.0874,1.08744,MM,MetaQuotes Software Corp.,DEMO,MT5,ZMQ,EURUSD
276,2020-04-17 15:26:19.989000,2020-04-17 15:26:20.254000,2020-04-17 15:26:20.258089,265.0,4.089,269.089,1.0874,1.08744,MM,MetaQuotes Software Corp.,DEMO,MT5,ZMQ,EURUSD
277,2020-04-17 15:26:20.084000,2020-04-17 15:26:20.349000,2020-04-17 15:26:20.353095,265.0,4.095,269.095,1.0874,1.08744,MM,MetaQuotes Software Corp.,DEMO,MT5,ZMQ,EURUSD
278,2020-04-17 15:26:20.184000,2020-04-17 15:26:20.449000,2020-04-17 15:26:20.453096,265.0,4.096,269.096,1.0874,1.08744,MM,MetaQuotes Software Corp.,DEMO,MT5,ZMQ,EURUSD
279,2020-04-17 15:26:20.289000,2020-04-17 15:26:20.554000,2020-04-17 15:26:20.558668,265.0,4.668,269.668,1.0874,1.08744,MM,MetaQuotes Software Corp.,DEMO,MT5,ZMQ,EURUSD
280,2020-04-17 15:26:20.387000,2020-04-17 15:26:20.652000,2020-04-17 15:26:20.656663,265.0,4.663,269.663,1.0874,1.08744,MM,MetaQuotes Software Corp.,DEMO,MT5,ZMQ,EURUSD
281,2020-04-17 15:26:20.486000,2020-04-17 15:26:20.751000,2020-04-17 15:26:20.755668,265.0,4.668,269.668,1.0874,1.08744,MM,MetaQuotes Software Corp.,DEMO,MT5,ZMQ,EURUSD
282,2020-04-17 15:26:20.580000,2020-04-17 15:26:20.845000,2020-04-17 15:26:20.849668,265.0,4.668,269.668,1.0874,1.08744,MM,MetaQuotes Software Corp.,DEMO,MT5,ZMQ,EURUSD
283,2020-04-17 15:26:20.688000,2020-04-17 15:26:20.953000,2020-04-17 15:26:20.957670,265.0,4.67,269.67,1.0874,1.08744,MM,MetaQuotes Software Corp.,DEMO,MT5,ZMQ,EURUSD
284,2020-04-17 15:26:20.780000,2020-04-17 15:26:21.045000,2020-04-17 15:26:21.049668,265.0,4.668,269.668,1.0874,1.08744,MM,MetaQuotes Software Corp.,DEMO,MT5,ZMQ,EURUSD
285,2020-04-17 15:26:20.887000,2020-04-17 15:26:21.152000,2020-04-17 15:26:21.156668,265.0,4.668,269.668,1.0874,1.08744,MM,MetaQuotes Software Corp.,DEMO,MT5,ZMQ,EURUSD
286,2020-04-17 15:26:20.987000,2020-04-17 15:26:21.252000,2020-04-17 15:26:21.256666,265.0,4.666,269.666,1.0874,1.08744,MM,MetaQuotes Software Corp.,DEMO,MT5,ZMQ,EURUSD
287,2020-04-17 15:26:21.082000,2020-04-17 15:26:21.347000,2020-04-17 15:26:21.351668,265.0,4.668,269.668,1.0874,1.08744,MM,MetaQuotes Software Corp.,DEMO,MT5,ZMQ,EURUSD
288,2020-04-17 15:26:21.190000,2020-04-17 15:26:21.455000,2020-04-17 15:26:21.459669,265.0,4.669,269.669,1.0874,1.08744,MM,MetaQuotes Software Corp.,DEMO,MT5,ZMQ,EURUSD
289,2020-04-17 15:26:21.282000,2020-04-17 15:26:21.547000,2020-04-17 15:26:21.551243,265.0,4.243,269.243,1.0874,1.08744,MM,MetaQuotes Software Corp.,DEMO,MT5,ZMQ,EURUSD
290,2020-04-17 15:26:21.388000,2020-04-17 15:26:21.653000,2020-04-17 15:26:21.657241,265.0,4.241,269.241,1.0874,1.08744,MM,MetaQuotes Software Corp.,DEMO,MT5,ZMQ,EURUSD
291,2020-04-17 15:26:21.487000,2020-04-17 15:26:21.752000,2020-04-17 15:26:21.756242,265.0,4.242,269.242,1.0874,1.08744,MM,MetaQuotes Software Corp.,DEMO,MT5,ZMQ,EURUSD
292,2020-04-17 15:26:21.582000,2020-04-17 15:26:21.847000,2020-04-17 15:26:21.851243,265.0,4.243,269.243,1.0874,1.08744,MM,MetaQuotes Software Corp.,DEMO,MT5,ZMQ,EURUSD
293,2020-04-17 15:26:21.690000,2020-04-17 15:26:21.955000,2020-04-17 15:26:21.959235,265.0,4.235,269.235,1.0874,1.08744,MM,MetaQuotes Software Corp.,DEMO,MT5,ZMQ,EURUSD
294,2020-04-17 15:26:21.782000,2020-04-17 15:26:22.047000,2020-04-17 15:26:22.051210,265.0,4.21,269.21,1.0874,1.08744,MM,MetaQuotes Software Corp.,DEMO,MT5,ZMQ,EURUSD
295,2020-04-17 15:26:21.889000,2020-04-17 15:26:22.154000,2020-04-17 15:26:22.158242,265.0,4.242,269.242,1.0874,1.08744,MM,MetaQuotes Software Corp.,DEMO,MT5,ZMQ,EURUSD
296,2020-04-17 15:26:21.987000,2020-04-17 15:26:22.252000,2020-04-17 15:26:22.256211,265.0,4.211,269.211,1.0874,1.08744,MM,MetaQuotes Software Corp.,DEMO,MT5,ZMQ,EURUSD
297,2020-04-17 15:26:22.082000,2020-04-17 15:26:22.347000,2020-04-17 15:26:22.351241,265.0,4.241,269.241,1.0874,1.08744,MM,MetaQuotes Software Corp.,DEMO,MT5,ZMQ,EURUSD
298,2020-04-17 15:26:22.183000,2020-04-17 15:26:22.448000,2020-04-17 15:26:22.452212,265.0,4.212,269.212,1.0874,1.08744,MM,MetaQuotes Software Corp.,DEMO,MT5,ZMQ,EURUSD
299,2020-04-17 15:26:22.287000,2020-04-17 15:26:22.552000,2020-04-17 15:26:22.556242,265.0,4.242,269.242,1.0874,1.08744,MM,MetaQuotes Software Corp.,DEMO,MT5,ZMQ,EURUSD
300,2020-04-17 15:26:22.389000,2020-04-17 15:26:22.654000,2020-04-17 15:26:22.658211,265.0,4.211,269.211,1.0874,1.08744,MM,MetaQuotes Software Corp.,DEMO,MT5,ZMQ,EURUSD
301,2020-04-17 15:26:22.488000,2020-04-17 15:26:22.753000,2020-04-17 15:26:22.757241,265.0,4.241,269.241,1.0874,1.08744,MM,MetaQuotes Software Corp.,DEMO,MT5,ZMQ,EURUSD
302,2020-04-17 15:26:22.582000,2020-04-17 15:26:22.847000,2020-04-17 15:26:22.851242,265.0,4.242,269.242,1.0874,1.08744,MM,MetaQuotes Software Corp.,DEMO,MT5,ZMQ,EURUSD
303,2020-04-17 15:26:22.683000,2020-04-17 15:26:22.948000,2020-04-17 15:26:22.952213,265.0,4.213,269.213,1.0874,1.08744,MM,MetaQuotes Software Corp.,DEMO,MT5,ZMQ,EURUSD
304,2020-04-17 17:26:23.506000,2020-04-17 17:26:23.537000,2020-04-17 15:26:28.227525,31.0,-7195309.475,-7195278.475,1.0874,1.08742,,FxPro,,CTRADER,ZMQ,EURUSD
305,2020-04-17 15:26:22.750000,2020-04-17 15:26:23.015000,2020-04-17 15:26:28.250520,265.0,5235.52,5500.52,1.0874,1.08745,MM,MetaQuotes Software Corp.,DEMO,MT5,ZMQ,EURUSD
306,2020-04-17 17:26:24.522000,2020-04-17 17:26:24.553000,2020-04-17 15:26:28.275520,31.0,-7196277.48,-7196246.48,1.0874,1.08742,,FxPro,,CTRADER,ZMQ,EURUSD
307,2020-04-17 15:26:22.779000,2020-04-17 15:26:23.044000,2020-04-17 15:26:28.300521,265.0,5256.521,5521.521,1.0874,1.08745,MM,MetaQuotes Software Corp.,DEMO,MT5,ZMQ,EURUSD
308,2020-04-17 17:26:25.084000,2020-04-17 17:26:25.115000,2020-04-17 15:26:28.327520,31.0,-7196787.48,-7196756.48,1.0874,1.08743,,FxPro,,CTRADER,ZMQ,EURUSD
309,2020-04-17 15:26:22.841000,2020-04-17 15:26:23.106000,2020-04-17 15:26:28.352516,265.0,5246.516,5511.516,1.08739,1.08745,MM,MetaQuotes Software Corp.,DEMO,MT5,ZMQ,EURUSD
310,2020-04-17 17:26:26.022000,2020-04-17 17:26:26.053000,2020-04-17 15:26:28.378522,31.0,-7197674.478,-7197643.478,1.0874,1.08743,,FxPro,,CTRADER,ZMQ,EURUSD
311,2020-04-17 15:26:22.862000,2020-04-17 15:26:23.127000,2020-04-17 15:26:28.402521,265.0,5275.521,5540.521,1.08739,1.08744,MM,MetaQuotes Software Corp.,DEMO,MT5,ZMQ,EURUSD
312,2020-04-17 17:26:27.022000,2020-04-17 17:26:27.053000,2020-04-17 15:26:28.428522,31.0,-7198624.478,-7198593.478,1.0874,1.08743,,FxPro,,CTRADER,ZMQ,EURUSD
313,2020-04-17 15:26:22.886000,2020-04-17 15:26:23.151000,2020-04-17 15:26:28.453524,265.0,5302.524,5567.524,1.08739,1.08744,MM,MetaQuotes Software Corp.,DEMO,MT5,ZMQ,EURUSD
314,2020-04-17 17:26:28.037000,2020-04-17 17:26:28.068000,2020-04-17 15:26:28.480520,31.0,-7199587.48,-7199556.48,1.0874,1.08743,,FxPro,,CTRADER,ZMQ,EURUSD
315,2020-04-17 15:26:22.985000,2020-04-17 15:26:23.250000,2020-04-17 15:26:28.505492,265.0,5255.492,5520.492,1.08739,1.08744,MM,MetaQuotes Software Corp.,DEMO,MT5,ZMQ,EURUSD
316,2020-04-17 17:26:28.397000,2020-04-17 17:26:28.428000,2020-04-17 15:26:28.531520,31.0,-7199896.48,-7199865.48,1.08741,1.08743,,FxPro,,CTRADER,ZMQ,EURUSD
317,2020-04-17 15:26:23.079000,2020-04-17 15:26:23.344000,2020-04-17 15:26:28.557519,265.0,5213.519,5478.519,1.08739,1.08744,MM,MetaQuotes Software Corp.,DEMO,MT5,ZMQ,EURUSD
318,2020-04-17 15:26:23.188000,2020-04-17 15:26:23.453000,2020-04-17 15:26:28.584523,265.0,5131.523,5396.523,1.08739,1.08744,MM,MetaQuotes Software Corp.,DEMO,MT5,ZMQ,EURUSD
319,2020-04-17 15:26:23.280000,2020-04-17 15:26:23.545000,2020-04-17 15:26:28.613491,265.0,5068.491,5333.491,1.08739,1.08744,MM,MetaQuotes Software Corp.,DEMO,MT5,ZMQ,EURUSD
320,2020-04-17 15:26:23.389000,2020-04-17 15:26:23.654000,2020-04-17 15:26:28.639519,265.0,4985.519,5250.519,1.08739,1.08744,MM,MetaQuotes Software Corp.,DEMO,MT5,ZMQ,EURUSD
321,2020-04-17 15:26:23.488000,2020-04-17 15:26:23.753000,2020-04-17 15:26:28.665520,265.0,4912.52,5177.52,1.08739,1.08744,MM,MetaQuotes Software Corp.,DEMO,MT5,ZMQ,EURUSD
322,2020-04-17 15:26:23.583000,2020-04-17 15:26:23.848000,2020-04-17 15:26:28.691520,265.0,4843.52,5108.52,1.08739,1.08744,MM,MetaQuotes Software Corp.,DEMO,MT5,ZMQ,EURUSD
323,2020-04-17 15:26:23.627000,2020-04-17 15:26:23.892000,2020-04-17 15:26:28.717490,265.0,4825.49,5090.49,1.08739,1.08744,MM,MetaQuotes Software Corp.,DEMO,MT5,ZMQ,EURUSD
324,2020-04-17 15:26:23.689000,2020-04-17 15:26:23.954000,2020-04-17 15:26:28.743520,265.0,4789.52,5054.52,1.08739,1.08744,MM,MetaQuotes Software Corp.,DEMO,MT5,ZMQ,EURUSD
325,2020-04-17 15:26:23.716000,2020-04-17 15:26:23.981000,2020-04-17 15:26:28.768521,265.0,4787.521,5052.521,1.08739,1.08745,MM,MetaQuotes Software Corp.,DEMO,MT5,ZMQ,EURUSD
326,2020-04-17 15:26:23.718000,2020-04-17 15:26:23.983000,2020-04-17 15:26:28.794522,265.0,4811.522,5076.522,1.08739,1.08744,MM,MetaQuotes Software Corp.,DEMO,MT5,ZMQ,EURUSD
327,2020-04-17 15:26:23.778000,2020-04-17 15:26:24.043000,2020-04-17 15:26:28.819490,265.0,4776.49,5041.49,1.08739,1.08744,MM,MetaQuotes Software Corp.,DEMO,MT5,ZMQ,EURUSD
328,2020-04-17 15:26:23.889000,2020-04-17 15:26:24.154000,2020-04-17 15:26:28.845490,265.0,4691.49,4956.49,1.08739,1.08744,MM,MetaQuotes Software Corp.,DEMO,MT5,ZMQ,EURUSD
329,2020-04-17 15:26:23.988000,2020-04-17 15:26:24.253000,2020-04-17 15:26:28.871520,265.0,4618.52,4883.52,1.08739,1.08744,MM,MetaQuotes Software Corp.,DEMO,MT5,ZMQ,EURUSD
330,2020-04-17 15:26:24.082000,2020-04-17 15:26:24.347000,2020-04-17 15:26:28.898491,265.0,4551.491,4816.491,1.08739,1.08744,MM,MetaQuotes Software Corp.,DEMO,MT5,ZMQ,EURUSD
331,2020-04-17 15:26:24.183000,2020-04-17 15:26:24.448000,2020-04-17 15:26:28.928492,265.0,4480.492,4745.492,1.08739,1.08744,MM,MetaQuotes Software Corp.,DEMO,MT5,ZMQ,EURUSD
332,2020-04-17 15:26:24.288000,2020-04-17 15:26:24.553000,2020-04-17 15:26:28.959516,265.0,4406.516,4671.516,1.08739,1.08744,MM,MetaQuotes Software Corp.,DEMO,MT5,ZMQ,EURUSD
333,2020-04-17 15:26:24.390000,2020-04-17 15:26:24.655000,2020-04-17 15:26:28.987517,265.0,4332.517,4597.517,1.08739,1.08744,MM,MetaQuotes Software Corp.,DEMO,MT5,ZMQ,EURUSD
334,2020-04-17 15:26:24.489000,2020-04-17 15:26:24.754000,2020-04-17 15:26:29.013515,265.0,4259.515,4524.515,1.08739,1.08744,MM,MetaQuotes Software Corp.,DEMO,MT5,ZMQ,EURUSD
335,2020-04-17 15:26:24.583000,2020-04-17 15:26:24.848000,2020-04-17 15:26:29.040547,265.0,4192.547,4457.547,1.08739,1.08744,MM,MetaQuotes Software Corp.,DEMO,MT5,ZMQ,EURUSD
336,2020-04-17 15:26:24.683000,2020-04-17 15:26:24.948000,2020-04-17 15:26:29.065546,265.0,4117.546,4382.546,1.08739,1.08744,MM,MetaQuotes Software Corp.,DEMO,MT5,ZMQ,EURUSD
337,2020-04-17 15:26:24.788000,2020-04-17 15:26:25.053000,2020-04-17 15:26:29.091518,265.0,4038.518,4303.518,1.08739,1.08744,MM,MetaQuotes Software Corp.,DEMO,MT5,ZMQ,EURUSD
338,2020-04-17 15:26:24.807000,2020-04-17 15:26:25.072000,2020-04-17 15:26:29.117516,265.0,4045.516,4310.516,1.08739,1.08745,MM,MetaQuotes Software Corp.,DEMO,MT5,ZMQ,EURUSD
339,2020-04-17 15:26:24.890000,2020-04-17 15:26:25.155000,2020-04-17 15:26:29.144516,265.0,3989.516,4254.516,1.08739,1.08745,MM,MetaQuotes Software Corp.,DEMO,MT5,ZMQ,EURUSD
340,2020-04-17 15:26:24.988000,2020-04-17 15:26:25.253000,2020-04-17 15:26:29.171546,265.0,3918.546,4183.546,1.08739,1.08745,MM,MetaQuotes Software Corp.,DEMO,MT5,ZMQ,EURUSD
341,2020-04-17 15:26:25.083000,2020-04-17 15:26:25.348000,2020-04-17 15:26:29.197545,265.0,3849.545,4114.545,1.08739,1.08745,MM,MetaQuotes Software Corp.,DEMO,MT5,ZMQ,EURUSD
342,2020-04-17 15:26:25.183000,2020-04-17 15:26:25.448000,2020-04-17 15:26:29.224547,265.0,3776.547,4041.547,1.08739,1.08745,MM,MetaQuotes Software Corp.,DEMO,MT5,ZMQ,EURUSD
343,2020-04-17 15:26:25.289000,2020-04-17 15:26:25.554000,2020-04-17 15:26:29.250543,265.0,3696.543,3961.543,1.08739,1.08745,MM,MetaQuotes Software Corp.,DEMO,MT5,ZMQ,EURUSD
344,2020-04-17 15:26:25.387000,2020-04-17 15:26:25.652000,2020-04-17 15:26:29.278546,265.0,3626.546,3891.546,1.08739,1.08745,MM,MetaQuotes Software Corp.,DEMO,MT5,ZMQ,EURUSD
345,2020-04-17 15:26:25.486000,2020-04-17 15:26:25.751000,2020-04-17 15:26:29.305544,265.0,3554.544,3819.544,1.08739,1.08745,MM,MetaQuotes Software Corp.,DEMO,MT5,ZMQ,EURUSD
346,2020-04-17 15:26:25.580000,2020-04-17 15:26:25.845000,2020-04-17 15:26:29.331516,265.0,3486.516,3751.516,1.08739,1.08745,MM,MetaQuotes Software Corp.,DEMO,MT5,ZMQ,EURUSD
347,2020-04-17 15:26:25.689000,2020-04-17 15:26:25.954000,2020-04-17 15:26:29.357541,265.0,3403.541,3668.541,1.08739,1.08745,MM,MetaQuotes Software Corp.,DEMO,MT5,ZMQ,EURUSD
348,2020-04-17 15:26:25.781000,2020-04-17 15:26:26.046000,2020-04-17 15:26:29.382547,265.0,3336.547,3601.547,1.08739,1.08745,MM,MetaQuotes Software Corp.,DEMO,MT5,ZMQ,EURUSD
349,2020-04-17 15:26:25.886000,2020-04-17 15:26:26.151000,2020-04-17 15:26:29.407541,265.0,3256.541,3521.541,1.08739,1.08745,MM,MetaQuotes Software Corp.,DEMO,MT5,ZMQ,EURUSD
350,2020-04-17 15:26:25.985000,2020-04-17 15:26:26.250000,2020-04-17 15:26:29.432541,265.0,3182.541,3447.541,1.08739,1.08745,MM,MetaQuotes Software Corp.,DEMO,MT5,ZMQ,EURUSD
351,2020-04-17 15:26:26.079000,2020-04-17 15:26:26.344000,2020-04-17 15:26:29.457541,265.0,3113.541,3378.541,1.08739,1.08745,MM,MetaQuotes Software Corp.,DEMO,MT5,ZMQ,EURUSD
352,2020-04-17 15:26:26.188000,2020-04-17 15:26:26.453000,2020-04-17 15:26:29.482541,265.0,3029.541,3294.541,1.08739,1.08745,MM,MetaQuotes Software Corp.,DEMO,MT5,ZMQ,EURUSD
353,2020-04-17 15:26:26.279000,2020-04-17 15:26:26.544000,2020-04-17 15:26:29.508546,265.0,2964.546,3229.546,1.08739,1.08745,MM,MetaQuotes Software Corp.,DEMO,MT5,ZMQ,EURUSD
354,2020-04-17 15:26:26.390000,2020-04-17 15:26:26.655000,2020-04-17 15:26:29.533516,265.0,2878.516,3143.516,1.08739,1.08745,MM,MetaQuotes Software Corp.,DEMO,MT5,ZMQ,EURUSD
355,2020-04-17 15:26:26.488000,2020-04-17 15:26:26.753000,2020-04-17 15:26:29.558547,265.0,2805.547,3070.547,1.08739,1.08745,MM,MetaQuotes Software Corp.,DEMO,MT5,ZMQ,EURUSD
356,2020-04-17 15:26:26.583000,2020-04-17 15:26:26.848000,2020-04-17 15:26:29.584542,265.0,2736.542,3001.542,1.08739,1.08745,MM,MetaQuotes Software Corp.,DEMO,MT5,ZMQ,EURUSD
357,2020-04-17 15:26:26.683000,2020-04-17 15:26:26.948000,2020-04-17 15:26:29.609544,265.0,2661.544,2926.544,1.08739,1.08745,MM,MetaQuotes Software Corp.,DEMO,MT5,ZMQ,EURUSD
358,2020-04-17 15:26:26.787000,2020-04-17 15:26:27.052000,2020-04-17 15:26:29.634547,265.0,2582.547,2847.547,1.08739,1.08745,MM,MetaQuotes Software Corp.,DEMO,MT5,ZMQ,EURUSD
359,2020-04-17 15:26:26.890000,2020-04-17 15:26:27.155000,2020-04-17 15:26:29.659549,265.0,2504.549,2769.549,1.08739,1.08745,MM,MetaQuotes Software Corp.,DEMO,MT5,ZMQ,EURUSD
360,2020-04-17 15:26:26.989000,2020-04-17 15:26:27.254000,2020-04-17 15:26:29.685542,265.0,2431.542,2696.542,1.08739,1.08745,MM,MetaQuotes Software Corp.,DEMO,MT5,ZMQ,EURUSD
361,2020-04-17 15:26:27.083000,2020-04-17 15:26:27.348000,2020-04-17 15:26:29.711546,265.0,2363.546,2628.546,1.08739,1.08745,MM,MetaQuotes Software Corp.,DEMO,MT5,ZMQ,EURUSD
362,2020-04-17 15:26:27.184000,2020-04-17 15:26:27.449000,2020-04-17 15:26:29.736517,265.0,2287.517,2552.517,1.08739,1.08745,MM,MetaQuotes Software Corp.,DEMO,MT5,ZMQ,EURUSD
363,2020-04-17 15:26:27.289000,2020-04-17 15:26:27.554000,2020-04-17 15:26:29.762541,265.0,2208.541,2473.541,1.08739,1.08745,MM,MetaQuotes Software Corp.,DEMO,MT5,ZMQ,EURUSD
364,2020-04-17 15:26:27.387000,2020-04-17 15:26:27.652000,2020-04-17 15:26:29.786516,265.0,2134.516,2399.516,1.08739,1.08745,MM,MetaQuotes Software Corp.,DEMO,MT5,ZMQ,EURUSD
365,2020-04-17 15:26:27.485000,2020-04-17 15:26:27.750000,2020-04-17 15:26:29.812518,265.0,2062.518,2327.518,1.08739,1.08745,MM,MetaQuotes Software Corp.,DEMO,MT5,ZMQ,EURUSD
366,2020-04-17 15:26:27.580000,2020-04-17 15:26:27.845000,2020-04-17 15:26:29.837578,265.0,1992.578,2257.578,1.08739,1.08745,MM,MetaQuotes Software Corp.,DEMO,MT5,ZMQ,EURUSD
367,2020-04-17 15:26:27.688000,2020-04-17 15:26:27.953000,2020-04-17 15:26:29.862541,265.0,1909.541,2174.541,1.08739,1.08745,MM,MetaQuotes Software Corp.,DEMO,MT5,ZMQ,EURUSD
368,2020-04-17 15:26:27.780000,2020-04-17 15:26:28.045000,2020-04-17 15:26:29.888545,265.0,1843.545,2108.545,1.08739,1.08745,MM,MetaQuotes Software Corp.,DEMO,MT5,ZMQ,EURUSD
369,2020-04-17 15:26:27.887000,2020-04-17 15:26:28.152000,2020-04-17 15:26:29.913548,265.0,1761.548,2026.548,1.08739,1.08745,MM,MetaQuotes Software Corp.,DEMO,MT5,ZMQ,EURUSD
370,2020-04-17 15:26:27.986000,2020-04-17 15:26:28.251000,2020-04-17 15:26:29.939516,265.0,1688.516,1953.516,1.08739,1.08745,MM,MetaQuotes Software Corp.,DEMO,MT5,ZMQ,EURUSD
371,2020-04-17 15:26:28.081000,2020-04-17 15:26:28.346000,2020-04-17 15:26:29.965542,265.0,1619.542,1884.542,1.08739,1.08745,MM,MetaQuotes Software Corp.,DEMO,MT5,ZMQ,EURUSD
372,2020-04-17 15:26:28.084000,2020-04-17 15:26:28.349000,2020-04-17 15:26:29.990551,265.0,1641.551,1906.551,1.08739,1.08746,MM,MetaQuotes Software Corp.,DEMO,MT5,ZMQ,EURUSD
373,2020-04-17 15:26:28.089000,2020-04-17 15:26:28.354000,2020-04-17 15:26:30.016516,265.0,1662.516,1927.516,1.0874,1.08745,MM,MetaQuotes Software Corp.,DEMO,MT5,ZMQ,EURUSD
374,2020-04-17 15:26:28.188000,2020-04-17 15:26:28.453000,2020-04-17 15:26:30.042546,265.0,1589.546,1854.546,1.0874,1.08745,MM,MetaQuotes Software Corp.,DEMO,MT5,ZMQ,EURUSD
375,2020-04-17 15:26:28.280000,2020-04-17 15:26:28.545000,2020-04-17 15:26:30.067546,265.0,1522.546,1787.546,1.0874,1.08745,MM,MetaQuotes Software Corp.,DEMO,MT5,ZMQ,EURUSD
376,2020-04-17 15:26:28.386000,2020-04-17 15:26:28.651000,2020-04-17 15:26:30.092536,265.0,1441.536,1706.536,1.0874,1.08745,MM,MetaQuotes Software Corp.,DEMO,MT5,ZMQ,EURUSD
377,2020-04-17 15:26:28.486000,2020-04-17 15:26:28.751000,2020-04-17 15:26:30.117546,265.0,1366.546,1631.546,1.0874,1.08745,MM,MetaQuotes Software Corp.,DEMO,MT5,ZMQ,EURUSD
378,2020-04-17 15:26:28.581000,2020-04-17 15:26:28.846000,2020-04-17 15:26:30.144549,265.0,1298.549,1563.549,1.0874,1.08745,MM,MetaQuotes Software Corp.,DEMO,MT5,ZMQ,EURUSD
379,2020-04-17 15:26:28.688000,2020-04-17 15:26:28.953000,2020-04-17 15:26:30.170516,265.0,1217.516,1482.516,1.0874,1.08745,MM,MetaQuotes Software Corp.,DEMO,MT5,ZMQ,EURUSD
380,2020-04-17 15:26:28.779000,2020-04-17 15:26:29.044000,2020-04-17 15:26:30.196541,265.0,1152.541,1417.541,1.0874,1.08745,MM,MetaQuotes Software Corp.,DEMO,MT5,ZMQ,EURUSD
381,2020-04-17 15:26:28.887000,2020-04-17 15:26:29.152000,2020-04-17 15:26:30.221542,265.0,1069.542,1334.542,1.0874,1.08745,MM,MetaQuotes Software Corp.,DEMO,MT5,ZMQ,EURUSD
382,2020-04-17 15:26:28.986000,2020-04-17 15:26:29.251000,2020-04-17 15:26:30.246547,265.0,995.547,1260.547,1.0874,1.08745,MM,MetaQuotes Software Corp.,DEMO,MT5,ZMQ,EURUSD
383,2020-04-17 15:26:29.080000,2020-04-17 15:26:29.345000,2020-04-17 15:26:30.272543,265.0,927.543,1192.543,1.0874,1.08745,MM,MetaQuotes Software Corp.,DEMO,MT5,ZMQ,EURUSD
384,2020-04-17 15:26:29.189000,2020-04-17 15:26:29.454000,2020-04-17 15:26:30.298654,265.0,844.654,1109.654,1.0874,1.08745,MM,MetaQuotes Software Corp.,DEMO,MT5,ZMQ,EURUSD
385,2020-04-17 15:26:29.280000,2020-04-17 15:26:29.545000,2020-04-17 15:26:30.323653,265.0,778.653,1043.653,1.0874,1.08745,MM,MetaQuotes Software Corp.,DEMO,MT5,ZMQ,EURUSD
386,2020-04-17 15:26:29.386000,2020-04-17 15:26:29.651000,2020-04-17 15:26:30.349653,265.0,698.653,963.653,1.0874,1.08745,MM,MetaQuotes Software Corp.,DEMO,MT5,ZMQ,EURUSD
387,2020-04-17 15:26:29.485000,2020-04-17 15:26:29.750000,2020-04-17 15:26:30.376687,265.0,626.687,891.687,1.0874,1.08745,MM,MetaQuotes Software Corp.,DEMO,MT5,ZMQ,EURUSD
388,2020-04-17 15:26:29.580000,2020-04-17 15:26:29.845000,2020-04-17 15:26:30.402684,265.0,557.684,822.684,1.0874,1.08745,MM,MetaQuotes Software Corp.,DEMO,MT5,ZMQ,EURUSD
389,2020-04-17 15:26:29.687000,2020-04-17 15:26:29.952000,2020-04-17 15:26:30.427685,265.0,475.685,740.685,1.0874,1.08745,MM,MetaQuotes Software Corp.,DEMO,MT5,ZMQ,EURUSD
390,2020-04-17 15:26:29.779000,2020-04-17 15:26:30.044000,2020-04-17 15:26:30.452682,265.0,408.682,673.682,1.0874,1.08745,MM,MetaQuotes Software Corp.,DEMO,MT5,ZMQ,EURUSD
391,2020-04-17 15:26:29.890000,2020-04-17 15:26:30.155000,2020-04-17 15:26:30.478686,265.0,323.686,588.686,1.0874,1.08745,MM,MetaQuotes Software Corp.,DEMO,MT5,ZMQ,EURUSD
392,2020-04-17 15:26:29.990000,2020-04-17 15:26:30.255000,2020-04-17 15:26:30.503684,265.0,248.684,513.684,1.0874,1.08745,MM,MetaQuotes Software Corp.,DEMO,MT5,ZMQ,EURUSD
393,2020-04-17 15:26:30.084000,2020-04-17 15:26:30.349000,2020-04-17 15:26:30.528678,265.0,179.678,444.678,1.0874,1.08745,MM,MetaQuotes Software Corp.,DEMO,MT5,ZMQ,EURUSD
394,2020-04-17 15:26:30.184000,2020-04-17 15:26:30.449000,2020-04-17 15:26:30.554695,265.0,105.695,370.695,1.0874,1.08745,MM,MetaQuotes Software Corp.,DEMO,MT5,ZMQ,EURUSD
395,2020-04-17 15:26:30.289000,2020-04-17 15:26:30.554000,2020-04-17 15:26:30.579656,265.0,25.656,290.656,1.0874,1.08745,MM,MetaQuotes Software Corp.,DEMO,MT5,ZMQ,EURUSD
396,2020-04-17 17:26:29.037000,2020-04-17 17:26:29.068000,2020-04-17 15:26:30.605685,31.0,-7198462.315,-7198431.315,1.08741,1.08743,,FxPro,,CTRADER,ZMQ,EURUSD
397,2020-04-17 17:26:30.053000,2020-04-17 17:26:30.084000,2020-04-17 15:26:30.630682,31.0,-7199453.318,-7199422.318,1.08741,1.08743,,FxPro,,CTRADER,ZMQ,EURUSD
398,2020-04-17 15:26:30.387000,2020-04-17 15:26:30.652000,2020-04-17 15:26:30.656684,265.0,4.684,269.684,1.0874,1.08745,MM,MetaQuotes Software Corp.,DEMO,MT5,ZMQ,EURUSD
399,2020-04-17 15:26:30.487000,2020-04-17 15:26:30.752000,2020-04-17 15:26:30.756678,265.0,4.678,269.678,1.0874,1.08745,MM,MetaQuotes Software Corp.,DEMO,MT5,ZMQ,EURUSD
400,2020-04-17 15:26:30.582000,2020-04-17 15:26:30.847000,2020-04-17 15:26:30.850678,265.0,3.678,268.678,1.0874,1.08745,MM,MetaQuotes Software Corp.,DEMO,MT5,ZMQ,EURUSD
401,2020-04-17 17:26:31.068000,2020-04-17 17:26:31.099000,2020-04-17 15:26:30.897683,31.0,-7200201.317,-7200170.317,1.08741,1.08743,,FxPro,,CTRADER,ZMQ,EURUSD
402,2020-04-17 15:26:30.690000,2020-04-17 15:26:30.955000,2020-04-17 15:26:30.959685,265.0,4.685,269.685,1.0874,1.08745,MM,MetaQuotes Software Corp.,DEMO,MT5,ZMQ,EURUSD
403,2020-04-17 15:26:30.781000,2020-04-17 15:26:31.046000,2020-04-17 15:26:31.050683,265.0,4.683,269.683,1.0874,1.08745,MM,MetaQuotes Software Corp.,DEMO,MT5,ZMQ,EURUSD
404,2020-04-17 15:26:30.888000,2020-04-17 15:26:31.153000,2020-04-17 15:26:31.157653,265.0,4.653,269.653,1.0874,1.08745,MM,MetaQuotes Software Corp.,DEMO,MT5,ZMQ,EURUSD
405,2020-04-17 15:26:30.987000,2020-04-17 15:26:31.252000,2020-04-17 15:26:31.256678,265.0,4.678,269.678,1.0874,1.08745,MM,MetaQuotes Software Corp.,DEMO,MT5,ZMQ,EURUSD
406,2020-04-17 15:26:31.082000,2020-04-17 15:26:31.347000,2020-04-17 15:26:31.351688,265.0,4.688,269.688,1.0874,1.08745,MM,MetaQuotes Software Corp.,DEMO,MT5,ZMQ,EURUSD
407,2020-04-17 15:26:31.189000,2020-04-17 15:26:31.454000,2020-04-17 15:26:31.458684,265.0,4.684,269.684,1.0874,1.08745,MM,MetaQuotes Software Corp.,DEMO,MT5,ZMQ,EURUSD
408,2020-04-17 15:26:31.281000,2020-04-17 15:26:31.546000,2020-04-17 15:26:31.550653,265.0,4.653,269.653,1.0874,1.08745,MM,MetaQuotes Software Corp.,DEMO,MT5,ZMQ,EURUSD
409,2020-04-17 15:26:31.386000,2020-04-17 15:26:31.651000,2020-04-17 15:26:31.655653,265.0,4.653,269.653,1.0874,1.08745,MM,MetaQuotes Software Corp.,DEMO,MT5,ZMQ,EURUSD
410,2020-04-17 15:26:31.486000,2020-04-17 15:26:31.751000,2020-04-17 15:26:31.755168,265.0,4.168,269.168,1.0874,1.08745,MM,MetaQuotes Software Corp.,DEMO,MT5,ZMQ,EURUSD
411,2020-04-17 15:26:31.517000,2020-04-17 15:26:31.782000,2020-04-17 15:26:31.787167,265.0,5.167,270.167,1.08741,1.08746,MM,MetaQuotes Software Corp.,DEMO,MT5,ZMQ,EURUSD
412,2020-04-17 17:26:31.959000,2020-04-17 17:26:31.990000,2020-04-17 15:26:31.814167,31.0,-7200175.833,-7200144.833,1.08742,1.08744,,FxPro,,CTRADER,ZMQ,EURUSD
413,2020-04-17 15:26:31.551000,2020-04-17 15:26:31.816000,2020-04-17 15:26:31.841198,265.0,25.198,290.198,1.08741,1.08747,MM,MetaQuotes Software Corp.,DEMO,MT5,ZMQ,EURUSD
414,2020-04-17 15:26:31.584000,2020-04-17 15:26:31.849000,2020-04-17 15:26:31.868192,265.0,19.192,284.192,1.08741,1.08747,MM,MetaQuotes Software Corp.,DEMO,MT5,ZMQ,EURUSD
415,2020-04-17 15:26:31.616000,2020-04-17 15:26:31.881000,2020-04-17 15:26:31.895197,265.0,14.197,279.197,1.0874,1.08747,MM,MetaQuotes Software Corp.,DEMO,MT5,ZMQ,EURUSD
416,2020-04-17 17:26:32.084000,2020-04-17 17:26:32.115000,2020-04-17 15:26:31.922168,31.0,-7200192.832,-7200161.832,1.08742,1.08744,,FxPro,,CTRADER,ZMQ,EURUSD
417,2020-04-17 15:26:31.686000,2020-04-17 15:26:31.951000,2020-04-17 15:26:31.955192,265.0,4.192,269.192,1.0874,1.08747,MM,MetaQuotes Software Corp.,DEMO,MT5,ZMQ,EURUSD
418,2020-04-17 15:26:31.726000,2020-04-17 15:26:31.991000,2020-04-17 15:26:31.995193,265.0,4.193,269.193,1.08741,1.08747,MM,MetaQuotes Software Corp.,DEMO,MT5,ZMQ,EURUSD
419,2020-04-17 15:26:31.786000,2020-04-17 15:26:32.051000,2020-04-17 15:26:32.055201,265.0,4.201,269.201,1.08741,1.08747,MM,MetaQuotes Software Corp.,DEMO,MT5,ZMQ,EURUSD
420,2020-04-17 15:26:31.888000,2020-04-17 15:26:32.153000,2020-04-17 15:26:32.157192,265.0,4.192,269.192,1.08741,1.08747,MM,MetaQuotes Software Corp.,DEMO,MT5,ZMQ,EURUSD
421,2020-04-17 15:26:31.988000,2020-04-17 15:26:32.253000,2020-04-17 15:26:32.257193,265.0,4.193,269.193,1.08741,1.08747,MM,MetaQuotes Software Corp.,DEMO,MT5,ZMQ,EURUSD
422,2020-04-17 15:26:32.082000,2020-04-17 15:26:32.347000,2020-04-17 15:26:32.351192,265.0,4.192,269.192,1.08741,1.08747,MM,MetaQuotes Software Corp.,DEMO,MT5,ZMQ,EURUSD
423,2020-04-17 15:26:32.189000,2020-04-17 15:26:32.454000,2020-04-17 15:26:32.458198,265.0,4.198,269.198,1.08741,1.08747,MM,MetaQuotes Software Corp.,DEMO,MT5,ZMQ,EURUSD
424,2020-04-17 15:26:32.281000,2020-04-17 15:26:32.546000,2020-04-17 15:26:32.550197,265.0,4.197,269.197,1.08741,1.08747,MM,MetaQuotes Software Corp.,DEMO,MT5,ZMQ,EURUSD
425,2020-04-17 15:26:32.389000,2020-04-17 15:26:32.654000,2020-04-17 15:26:32.657197,265.0,3.197,268.197,1.08741,1.08747,MM,MetaQuotes Software Corp.,DEMO,MT5,ZMQ,EURUSD
426,2020-04-17 15:26:32.489000,2020-04-17 15:26:32.754000,2020-04-17 15:26:32.758197,265.0,4.197,269.197,1.08741,1.08747,MM,MetaQuotes Software Corp.,DEMO,MT5,ZMQ,EURUSD
427,2020-04-17 15:26:32.583000,2020-04-17 15:26:32.848000,2020-04-17 15:26:32.851197,265.0,3.197,268.197,1.08741,1.08747,MM,MetaQuotes Software Corp.,DEMO,MT5,ZMQ,EURUSD
428,2020-04-17 17:26:33.084000,2020-04-17 17:26:33.115000,2020-04-17 15:26:32.907200,31.0,-7200207.8,-7200176.8,1.08742,1.08744,,FxPro,,CTRADER,ZMQ,EURUSD
429,2020-04-17 15:26:32.683000,2020-04-17 15:26:32.948000,2020-04-17 15:26:32.951199,265.0,3.199,268.199,1.08741,1.08747,MM,MetaQuotes Software Corp.,DEMO,MT5,ZMQ,EURUSD
430,2020-04-17 15:26:32.788000,2020-04-17 15:26:33.053000,2020-04-17 15:26:33.057857,265.0,4.857,269.857,1.08741,1.08747,MM,MetaQuotes Software Corp.,DEMO,MT5,ZMQ,EURUSD
431,2020-04-17 15:26:32.886000,2020-04-17 15:26:33.151000,2020-04-17 15:26:33.155858,265.0,4.858,269.858,1.08741,1.08747,MM,MetaQuotes Software Corp.,DEMO,MT5,ZMQ,EURUSD
432,2020-04-17 15:26:32.984000,2020-04-17 15:26:33.249000,2020-04-17 15:26:33.253851,265.0,4.851,269.851,1.08741,1.08747,MM,MetaQuotes Software Corp.,DEMO,MT5,ZMQ,EURUSD
433,2020-04-17 15:26:33.078000,2020-04-17 15:26:33.343000,2020-04-17 15:26:33.347857,265.0,4.857,269.857,1.08741,1.08747,MM,MetaQuotes Software Corp.,DEMO,MT5,ZMQ,EURUSD
434,2020-04-17 15:26:33.186000,2020-04-17 15:26:33.451000,2020-04-17 15:26:33.455859,265.0,4.859,269.859,1.08741,1.08747,MM,MetaQuotes Software Corp.,DEMO,MT5,ZMQ,EURUSD
435,2020-04-17 15:26:33.278000,2020-04-17 15:26:33.543000,2020-04-17 15:26:33.547825,265.0,4.825,269.825,1.08741,1.08747,MM,MetaQuotes Software Corp.,DEMO,MT5,ZMQ,EURUSD
436,2020-04-17 15:26:33.387000,2020-04-17 15:26:33.652000,2020-04-17 15:26:33.656825,265.0,4.825,269.825,1.08741,1.08747,MM,MetaQuotes Software Corp.,DEMO,MT5,ZMQ,EURUSD
437,2020-04-17 15:26:33.486000,2020-04-17 15:26:33.751000,2020-04-17 15:26:33.755855,265.0,4.855,269.855,1.08741,1.08747,MM,MetaQuotes Software Corp.,DEMO,MT5,ZMQ,EURUSD
438,2020-04-17 15:26:33.580000,2020-04-17 15:26:33.845000,2020-04-17 15:26:33.849855,265.0,4.855,269.855,1.08741,1.08747,MM,MetaQuotes Software Corp.,DEMO,MT5,ZMQ,EURUSD
439,2020-04-17 17:26:34.100000,2020-04-17 17:26:34.131000,2020-04-17 15:26:33.921856,31.0,-7200209.144,-7200178.144,1.08742,1.08744,,FxPro,,CTRADER,ZMQ,EURUSD
440,2020-04-17 15:26:33.688000,2020-04-17 15:26:33.953000,2020-04-17 15:26:33.957851,265.0,4.851,269.851,1.08741,1.08747,MM,MetaQuotes Software Corp.,DEMO,MT5,ZMQ,EURUSD
441,2020-04-17 15:26:33.780000,2020-04-17 15:26:34.045000,2020-04-17 15:26:34.049855,265.0,4.855,269.855,1.08741,1.08747,MM,MetaQuotes Software Corp.,DEMO,MT5,ZMQ,EURUSD
442,2020-04-17 17:26:34.303000,2020-04-17 17:26:34.334000,2020-04-17 15:26:34.138854,31.0,-7200195.146,-7200164.146,1.08742,1.08745,,FxPro,,CTRADER,ZMQ,EURUSD
443,2020-04-17 15:26:33.886000,2020-04-17 15:26:34.151000,2020-04-17 15:26:34.162855,265.0,11.855,276.855,1.08741,1.08747,MM,MetaQuotes Software Corp.,DEMO,MT5,ZMQ,EURUSD
444,2020-04-17 15:26:33.985000,2020-04-17 15:26:34.250000,2020-04-17 15:26:34.254851,265.0,4.851,269.851,1.08741,1.08747,MM,MetaQuotes Software Corp.,DEMO,MT5,ZMQ,EURUSD
445,2020-04-17 15:26:34.023000,2020-04-17 15:26:34.288000,2020-04-17 15:26:34.292825,265.0,4.825,269.825,1.08742,1.08747,MM,MetaQuotes Software Corp.,DEMO,MT5,ZMQ,EURUSD
446,2020-04-17 15:26:34.086000,2020-04-17 15:26:34.351000,2020-04-17 15:26:34.355850,265.0,4.85,269.85,1.08742,1.08747,MM,MetaQuotes Software Corp.,DEMO,MT5,ZMQ,EURUSD
447,2020-04-17 15:26:34.105000,2020-04-17 15:26:34.370000,2020-04-17 15:26:34.381854,265.0,11.854,276.854,1.08741,1.08747,MM,MetaQuotes Software Corp.,DEMO,MT5,ZMQ,EURUSD
448,2020-04-17 15:26:34.172000,2020-04-17 15:26:34.437000,2020-04-17 15:26:34.441967,265.0,4.967,269.967,1.08742,1.08747,MM,MetaQuotes Software Corp.,DEMO,MT5,ZMQ,EURUSD
449,2020-04-17 15:26:34.188000,2020-04-17 15:26:34.453000,2020-04-17 15:26:34.467996,265.0,14.996,279.996,1.08742,1.08747,MM,MetaQuotes Software Corp.,DEMO,MT5,ZMQ,EURUSD
450,2020-04-17 17:26:34.615000,2020-04-17 17:26:34.646000,2020-04-17 15:26:34.492997,31.0,-7200153.003,-7200122.003,1.08746,1.08748,,FxPro,,CTRADER,ZMQ,EURUSD
451,2020-04-17 15:26:34.279000,2020-04-17 15:26:34.544000,2020-04-17 15:26:34.548996,265.0,4.996,269.996,1.08742,1.08747,MM,MetaQuotes Software Corp.,DEMO,MT5,ZMQ,EURUSD
452,2020-04-17 15:26:34.321000,2020-04-17 15:26:34.586000,2020-04-17 15:26:34.591967,265.0,5.967,270.967,1.08743,1.08748,MM,MetaQuotes Software Corp.,DEMO,MT5,ZMQ,EURUSD
453,2020-04-17 17:26:34.772000,2020-04-17 17:26:34.803000,2020-04-17 15:26:34.617997,31.0,-7200185.003,-7200154.003,1.08747,1.0875,,FxPro,,CTRADER,ZMQ,EURUSD
454,2020-04-17 15:26:34.388000,2020-04-17 15:26:34.653000,2020-04-17 15:26:34.656999,265.0,3.999,268.999,1.08743,1.08748,MM,MetaQuotes Software Corp.,DEMO,MT5,ZMQ,EURUSD
455,2020-04-17 15:26:34.487000,2020-04-17 15:26:34.752000,2020-04-17 15:26:34.756966,265.0,4.966,269.966,1.08743,1.08748,MM,MetaQuotes Software Corp.,DEMO,MT5,ZMQ,EURUSD
456,2020-04-17 15:26:34.569000,2020-04-17 15:26:34.834000,2020-04-17 15:26:34.839966,265.0,5.966,270.966,1.08744,1.08748,MM,MetaQuotes Software Corp.,DEMO,MT5,ZMQ,EURUSD
457,2020-04-17 15:26:34.586000,2020-04-17 15:26:34.851000,2020-04-17 15:26:34.864991,265.0,13.991,278.991,1.08744,1.08748,MM,MetaQuotes Software Corp.,DEMO,MT5,ZMQ,EURUSD
458,2020-04-17 15:26:34.608000,2020-04-17 15:26:34.873000,2020-04-17 15:26:34.890992,265.0,17.992,282.992,1.08745,1.0875,MM,MetaQuotes Software Corp.,DEMO,MT5,ZMQ,EURUSD
459,2020-04-17 17:26:35.100000,2020-04-17 17:26:35.131000,2020-04-17 15:26:34.924991,31.0,-7200206.009,-7200175.009,1.08747,1.0875,,FxPro,,CTRADER,ZMQ,EURUSD
460,2020-04-17 15:26:34.662000,2020-04-17 15:26:34.927000,2020-04-17 15:26:34.949999,265.0,22.999,287.999,1.08745,1.08751,MM,MetaQuotes Software Corp.,DEMO,MT5,ZMQ,EURUSD
461,2020-04-17 15:26:34.685000,2020-04-17 15:26:34.950000,2020-04-17 15:26:34.974966,265.0,24.966,289.966,1.08745,1.08751,MM,MetaQuotes Software Corp.,DEMO,MT5,ZMQ,EURUSD
462,2020-04-17 15:26:34.776000,2020-04-17 15:26:35.041000,2020-04-17 15:26:35.045999,265.0,4.999,269.999,1.08745,1.08751,MM,MetaQuotes Software Corp.,DEMO,MT5,ZMQ,EURUSD
463,2020-04-17 15:26:34.778000,2020-04-17 15:26:35.043000,2020-04-17 15:26:35.070966,265.0,27.966,292.966,1.08745,1.0875,MM,MetaQuotes Software Corp.,DEMO,MT5,ZMQ,EURUSD
464,2020-04-17 15:26:34.890000,2020-04-17 15:26:35.155000,2020-04-17 15:26:35.159994,265.0,4.994,269.994,1.08745,1.0875,MM,MetaQuotes Software Corp.,DEMO,MT5,ZMQ,EURUSD
465,2020-04-17 15:26:34.989000,2020-04-17 15:26:35.254000,2020-04-17 15:26:35.257992,265.0,3.992,268.992,1.08745,1.0875,MM,MetaQuotes Software Corp.,DEMO,MT5,ZMQ,EURUSD
466,2020-04-17 15:26:35.083000,2020-04-17 15:26:35.348000,2020-04-17 15:26:35.351993,265.0,3.993,268.993,1.08745,1.0875,MM,MetaQuotes Software Corp.,DEMO,MT5,ZMQ,EURUSD
467,2020-04-17 15:26:35.146000,2020-04-17 15:26:35.411000,2020-04-17 15:26:35.415998,265.0,4.998,269.998,1.08746,1.08751,MM,MetaQuotes Software Corp.,DEMO,MT5,ZMQ,EURUSD
468,2020-04-17 15:26:35.184000,2020-04-17 15:26:35.449000,2020-04-17 15:26:35.454012,265.0,5.012,270.012,1.08746,1.08751,MM,MetaQuotes Software Corp.,DEMO,MT5,ZMQ,EURUSD
469,2020-04-17 17:26:35.647000,2020-04-17 17:26:35.678000,2020-04-17 15:26:35.479998,31.0,-7200198.002,-7200167.002,1.08748,1.0875,,FxPro,,CTRADER,ZMQ,EURUSD
470,2020-04-17 15:26:35.289000,2020-04-17 15:26:35.554000,2020-04-17 15:26:35.558510,265.0,4.51,269.51,1.08746,1.08751,MM,MetaQuotes Software Corp.,DEMO,MT5,ZMQ,EURUSD
471,2020-04-17 15:26:35.386000,2020-04-17 15:26:35.651000,2020-04-17 15:26:35.655509,265.0,4.509,269.509,1.08746,1.08751,MM,MetaQuotes Software Corp.,DEMO,MT5,ZMQ,EURUSD
472,2020-04-17 15:26:35.485000,2020-04-17 15:26:35.750000,2020-04-17 15:26:35.754511,265.0,4.511,269.511,1.08746,1.08751,MM,MetaQuotes Software Corp.,DEMO,MT5,ZMQ,EURUSD
473,2020-04-17 15:26:35.579000,2020-04-17 15:26:35.844000,2020-04-17 15:26:35.847508,265.0,3.508,268.508,1.08746,1.08751,MM,MetaQuotes Software Corp.,DEMO,MT5,ZMQ,EURUSD
474,2020-04-17 17:26:36.100000,2020-04-17 17:26:36.131000,2020-04-17 15:26:35.934509,31.0,-7200196.491,-7200165.491,1.08748,1.0875,,FxPro,,CTRADER,ZMQ,EURUSD
475,2020-04-17 15:26:35.686000,2020-04-17 15:26:35.951000,2020-04-17 15:26:35.958508,265.0,7.508,272.508,1.08746,1.08751,MM,MetaQuotes Software Corp.,DEMO,MT5,ZMQ,EURUSD
476,2020-04-17 15:26:35.778000,2020-04-17 15:26:36.043000,2020-04-17 15:26:36.047508,265.0,4.508,269.508,1.08746,1.08751,MM,MetaQuotes Software Corp.,DEMO,MT5,ZMQ,EURUSD
477,2020-04-17 15:26:35.889000,2020-04-17 15:26:36.154000,2020-04-17 15:26:36.158508,265.0,4.508,269.508,1.08746,1.08751,MM,MetaQuotes Software Corp.,DEMO,MT5,ZMQ,EURUSD
478,2020-04-17 15:26:35.952000,2020-04-17 15:26:36.217000,2020-04-17 15:26:36.221504,265.0,4.504,269.504,1.08747,1.08751,MM,MetaQuotes Software Corp.,DEMO,MT5,ZMQ,EURUSD
479,2020-04-17 15:26:35.989000,2020-04-17 15:26:36.254000,2020-04-17 15:26:36.258508,265.0,4.508,269.508,1.08747,1.08751,MM,MetaQuotes Software Corp.,DEMO,MT5,ZMQ,EURUSD
480,2020-04-17 15:26:36.083000,2020-04-17 15:26:36.348000,2020-04-17 15:26:36.352509,265.0,4.509,269.509,1.08747,1.08751,MM,MetaQuotes Software Corp.,DEMO,MT5,ZMQ,EURUSD
481,2020-04-17 15:26:36.184000,2020-04-17 15:26:36.449000,2020-04-17 15:26:36.453510,265.0,4.51,269.51,1.08747,1.08751,MM,MetaQuotes Software Corp.,DEMO,MT5,ZMQ,EURUSD
482,2020-04-17 15:26:36.289000,2020-04-17 15:26:36.554000,2020-04-17 15:26:36.558510,265.0,4.51,269.51,1.08747,1.08751,MM,MetaQuotes Software Corp.,DEMO,MT5,ZMQ,EURUSD
483,2020-04-17 15:26:36.386000,2020-04-17 15:26:36.651000,2020-04-17 15:26:36.656662,265.0,5.662,270.662,1.08747,1.08751,MM,MetaQuotes Software Corp.,DEMO,MT5,ZMQ,EURUSD
484,2020-04-17 15:26:36.427000,2020-04-17 15:26:36.692000,2020-04-17 15:26:36.696629,265.0,4.629,269.629,1.08747,1.08752,MM,MetaQuotes Software Corp.,DEMO,MT5,ZMQ,EURUSD
485,2020-04-17 15:26:36.484000,2020-04-17 15:26:36.749000,2020-04-17 15:26:36.753653,265.0,4.653,269.653,1.08747,1.08752,MM,MetaQuotes Software Corp.,DEMO,MT5,ZMQ,EURUSD
486,2020-04-17 17:26:37.006000,2020-04-17 17:26:37.037000,2020-04-17 15:26:36.840630,31.0,-7200196.37,-7200165.37,1.08751,1.08753,,FxPro,,CTRADER,ZMQ,EURUSD
487,2020-04-17 15:26:36.579000,2020-04-17 15:26:36.844000,2020-04-17 15:26:36.866661,265.0,22.661,287.661,1.08747,1.08752,MM,MetaQuotes Software Corp.,DEMO,MT5,ZMQ,EURUSD
488,2020-04-17 17:26:37.115000,2020-04-17 17:26:37.146000,2020-04-17 15:26:36.941659,31.0,-7200204.341,-7200173.341,1.08751,1.08753,,FxPro,,CTRADER,ZMQ,EURUSD
489,2020-04-17 15:26:36.687000,2020-04-17 15:26:36.952000,2020-04-17 15:26:36.966659,265.0,14.659,279.659,1.08747,1.08752,MM,MetaQuotes Software Corp.,DEMO,MT5,ZMQ,EURUSD
490,2020-04-17 17:26:37.162000,2020-04-17 17:26:37.193000,2020-04-17 15:26:36.992661,31.0,-7200200.339,-7200169.339,1.08752,1.08755,,FxPro,,CTRADER,ZMQ,EURUSD
491,2020-04-17 15:26:36.723000,2020-04-17 15:26:36.988000,2020-04-17 15:26:37.019659,265.0,31.659,296.659,1.08748,1.08752,MM,MetaQuotes Software Corp.,DEMO,MT5,ZMQ,EURUSD
492,2020-04-17 15:26:36.765000,2020-04-17 15:26:37.030000,2020-04-17 15:26:37.046629,265.0,16.629,281.629,1.08748,1.08753,MM,MetaQuotes Software Corp.,DEMO,MT5,ZMQ,EURUSD
493,2020-04-17 15:26:36.779000,2020-04-17 15:26:37.044000,2020-04-17 15:26:37.072630,265.0,28.63,293.63,1.08748,1.08753,MM,MetaQuotes Software Corp.,DEMO,MT5,ZMQ,EURUSD
494,2020-04-17 15:26:36.793000,2020-04-17 15:26:37.058000,2020-04-17 15:26:37.098629,265.0,40.629,305.629,1.08749,1.08753,MM,MetaQuotes Software Corp.,DEMO,MT5,ZMQ,EURUSD
495,2020-04-17 15:26:36.889000,2020-04-17 15:26:37.154000,2020-04-17 15:26:37.158169,265.0,4.169,269.169,1.08749,1.08753,MM,MetaQuotes Software Corp.,DEMO,MT5,ZMQ,EURUSD
496,2020-04-17 15:26:36.911000,2020-04-17 15:26:37.176000,2020-04-17 15:26:37.183138,265.0,7.138,272.138,1.08749,1.08755,MM,MetaQuotes Software Corp.,DEMO,MT5,ZMQ,EURUSD
497,2020-04-17 15:26:36.983000,2020-04-17 15:26:37.248000,2020-04-17 15:26:37.252170,265.0,4.17,269.17,1.08749,1.08755,MM,MetaQuotes Software Corp.,DEMO,MT5,ZMQ,EURUSD
498,2020-04-17 15:26:37.077000,2020-04-17 15:26:37.342000,2020-04-17 15:26:37.346165,265.0,4.165,269.165,1.08749,1.08755,MM,MetaQuotes Software Corp.,DEMO,MT5,ZMQ,EURUSD
499,2020-04-17 15:26:37.121000,2020-04-17 15:26:37.386000,2020-04-17 15:26:37.391140,265.0,5.14,270.14,1.0875,1.08755,MM,MetaQuotes Software Corp.,DEMO,MT5,ZMQ,EURUSD
500,2020-04-17 15:26:37.127000,2020-04-17 15:26:37.392000,2020-04-17 15:26:37.425167,265.0,33.167,298.167,1.0875,1.08756,MM,MetaQuotes Software Corp.,DEMO,MT5,ZMQ,EURUSD
501,2020-04-17 15:26:37.189000,2020-04-17 15:26:37.454000,2020-04-17 15:26:37.457171,265.0,3.171,268.171,1.0875,1.08756,MM,MetaQuotes Software Corp.,DEMO,MT5,ZMQ,EURUSD
502,2020-04-17 15:26:37.194000,2020-04-17 15:26:37.459000,2020-04-17 15:26:37.482174,265.0,23.174,288.174,1.08751,1.08756,MM,MetaQuotes Software Corp.,DEMO,MT5,ZMQ,EURUSD
503,2020-04-17 15:26:37.226000,2020-04-17 15:26:37.491000,2020-04-17 15:26:37.507167,265.0,16.167,281.167,1.08751,1.08757,MM,MetaQuotes Software Corp.,DEMO,MT5,ZMQ,EURUSD
504,2020-04-17 15:26:37.286000,2020-04-17 15:26:37.551000,2020-04-17 15:26:37.555170,265.0,4.17,269.17,1.08751,1.08757,MM,MetaQuotes Software Corp.,DEMO,MT5,ZMQ,EURUSD
505,2020-04-17 15:26:37.388000,2020-04-17 15:26:37.653000,2020-04-17 15:26:37.657170,265.0,4.17,269.17,1.08751,1.08757,MM,MetaQuotes Software Corp.,DEMO,MT5,ZMQ,EURUSD
506,2020-04-17 15:26:37.486000,2020-04-17 15:26:37.751000,2020-04-17 15:26:37.755170,265.0,4.17,269.17,1.08751,1.08757,MM,MetaQuotes Software Corp.,DEMO,MT5,ZMQ,EURUSD
507,2020-04-17 15:26:37.581000,2020-04-17 15:26:37.846000,2020-04-17 15:26:37.850168,265.0,4.168,269.168,1.08751,1.08757,MM,MetaQuotes Software Corp.,DEMO,MT5,ZMQ,EURUSD
508,2020-04-17 17:26:38.131000,2020-04-17 17:26:38.162000,2020-04-17 15:26:37.953170,31.0,-7200208.83,-7200177.83,1.08752,1.08755,,FxPro,,CTRADER,ZMQ,EURUSD
509,2020-04-17 17:26:38.147000,2020-04-17 17:26:38.178000,2020-04-17 15:26:37.978139,31.0,-7200199.861,-7200168.861,1.08753,1.08755,,FxPro,,CTRADER,ZMQ,EURUSD
510,2020-04-17 15:26:37.689000,2020-04-17 15:26:37.954000,2020-04-17 15:26:38.004175,265.0,50.175,315.175,1.08751,1.08757,MM,MetaQuotes Software Corp.,DEMO,MT5,ZMQ,EURUSD
511,2020-04-17 15:26:37.780000,2020-04-17 15:26:38.045000,2020-04-17 15:26:38.049170,265.0,4.17,269.17,1.08751,1.08757,MM,MetaQuotes Software Corp.,DEMO,MT5,ZMQ,EURUSD
512,2020-04-17 17:26:38.287000,2020-04-17 17:26:38.318000,2020-04-17 15:26:38.113143,31.0,-7200204.857,-7200173.857,1.08755,1.08757,,FxPro,,CTRADER,ZMQ,EURUSD
513,2020-04-17 15:26:37.887000,2020-04-17 15:26:38.152000,2020-04-17 15:26:38.156168,265.0,4.168,269.168,1.08751,1.08757,MM,MetaQuotes Software Corp.,DEMO,MT5,ZMQ,EURUSD
514,2020-04-17 15:26:37.915000,2020-04-17 15:26:38.180000,2020-04-17 15:26:38.184171,265.0,4.171,269.171,1.08752,1.08757,MM,MetaQuotes Software Corp.,DEMO,MT5,ZMQ,EURUSD
515,2020-04-17 15:26:37.988000,2020-04-17 15:26:38.253000,2020-04-17 15:26:38.257142,265.0,4.142,269.142,1.08752,1.08757,MM,MetaQuotes Software Corp.,DEMO,MT5,ZMQ,EURUSD
516,2020-04-17 15:26:38.002000,2020-04-17 15:26:38.267000,2020-04-17 15:26:38.284167,265.0,17.167,282.167,1.08752,1.08756,MM,MetaQuotes Software Corp.,DEMO,MT5,ZMQ,EURUSD
517,2020-04-17 17:26:38.443000,2020-04-17 17:26:38.474000,2020-04-17 15:26:38.310139,31.0,-7200163.861,-7200132.861,1.08756,1.08759,,FxPro,,CTRADER,ZMQ,EURUSD
518,2020-04-17 15:26:38.082000,2020-04-17 15:26:38.347000,2020-04-17 15:26:38.351140,265.0,4.14,269.14,1.08752,1.08756,MM,MetaQuotes Software Corp.,DEMO,MT5,ZMQ,EURUSD
519,2020-04-17 15:26:38.106000,2020-04-17 15:26:38.371000,2020-04-17 15:26:38.377139,265.0,6.139,271.139,1.08752,1.08758,MM,MetaQuotes Software Corp.,DEMO,MT5,ZMQ,EURUSD
520,2020-04-17 17:26:38.584000,2020-04-17 17:26:38.615000,2020-04-17 15:26:38.420143,31.0,-7200194.857,-7200163.857,1.08758,1.0876,,FxPro,,CTRADER,ZMQ,EURUSD
521,2020-04-17 15:26:38.184000,2020-04-17 15:26:38.449000,2020-04-17 15:26:38.453140,265.0,4.14,269.14,1.08752,1.08758,MM,MetaQuotes Software Corp.,DEMO,MT5,ZMQ,EURUSD
522,2020-04-17 15:26:38.212000,2020-04-17 15:26:38.477000,2020-04-17 15:26:38.481676,265.0,4.676,269.676,1.08751,1.08757,MM,MetaQuotes Software Corp.,DEMO,MT5,ZMQ,EURUSD
523,2020-04-17 15:26:38.287000,2020-04-17 15:26:38.552000,2020-04-17 15:26:38.556678,265.0,4.678,269.678,1.08751,1.08757,MM,MetaQuotes Software Corp.,DEMO,MT5,ZMQ,EURUSD
524,2020-04-17 17:26:38.740000,2020-04-17 17:26:38.771000,2020-04-17 15:26:38.582650,31.0,-7200188.35,-7200157.35,1.08763,1.08765,,FxPro,,CTRADER,ZMQ,EURUSD
525,2020-04-17 15:26:38.389000,2020-04-17 15:26:38.654000,2020-04-17 15:26:38.658650,265.0,4.65,269.65,1.08751,1.08757,MM,MetaQuotes Software Corp.,DEMO,MT5,ZMQ,EURUSD
526,2020-04-17 15:26:38.485000,2020-04-17 15:26:38.750000,2020-04-17 15:26:38.754681,265.0,4.681,269.681,1.08753,1.08758,MM,MetaQuotes Software Corp.,DEMO,MT5,ZMQ,EURUSD
527,2020-04-17 15:26:38.485000,2020-04-17 15:26:38.750000,2020-04-17 15:26:38.780677,265.0,30.677,295.677,1.08753,1.08758,MM,MetaQuotes Software Corp.,DEMO,MT5,ZMQ,EURUSD
528,2020-04-17 15:26:38.522000,2020-04-17 15:26:38.787000,2020-04-17 15:26:38.807680,265.0,20.68,285.68,1.08754,1.08759,MM,MetaQuotes Software Corp.,DEMO,MT5,ZMQ,EURUSD
529,2020-04-17 17:26:38.928000,2020-04-17 17:26:38.959000,2020-04-17 15:26:38.833680,31.0,-7200125.32,-7200094.32,1.08762,1.08764,,FxPro,,CTRADER,ZMQ,EURUSD
530,2020-04-17 15:26:38.574000,2020-04-17 15:26:38.839000,2020-04-17 15:26:38.860677,265.0,21.677,286.677,1.08755,1.08761,MM,MetaQuotes Software Corp.,DEMO,MT5,ZMQ,EURUSD
531,2020-04-17 15:26:38.574000,2020-04-17 15:26:38.839000,2020-04-17 15:26:38.887680,265.0,48.68,313.68,1.08755,1.08761,MM,MetaQuotes Software Corp.,DEMO,MT5,ZMQ,EURUSD
532,2020-04-17 15:26:38.602000,2020-04-17 15:26:38.867000,2020-04-17 15:26:38.915675,265.0,48.675,313.675,1.08754,1.08761,MM,MetaQuotes Software Corp.,DEMO,MT5,ZMQ,EURUSD
533,2020-04-17 15:26:38.623000,2020-04-17 15:26:38.888000,2020-04-17 15:26:38.941679,265.0,53.679,318.679,1.08755,1.08761,MM,MetaQuotes Software Corp.,DEMO,MT5,ZMQ,EURUSD
534,2020-04-17 15:26:38.680000,2020-04-17 15:26:38.945000,2020-04-17 15:26:38.968675,265.0,23.675,288.675,1.08755,1.0876,MM,MetaQuotes Software Corp.,DEMO,MT5,ZMQ,EURUSD
535,2020-04-17 15:26:38.688000,2020-04-17 15:26:38.953000,2020-04-17 15:26:38.994675,265.0,41.675,306.675,1.08755,1.08761,MM,MetaQuotes Software Corp.,DEMO,MT5,ZMQ,EURUSD
536,2020-04-17 15:26:38.688000,2020-04-17 15:26:38.953000,2020-04-17 15:26:39.020677,265.0,67.677,332.677,1.08755,1.08761,MM,MetaQuotes Software Corp.,DEMO,MT5,ZMQ,EURUSD
537,2020-04-17 15:26:38.771000,2020-04-17 15:26:39.036000,2020-04-17 15:26:39.045678,265.0,9.678,274.678,1.08755,1.08759,MM,MetaQuotes Software Corp.,DEMO,MT5,ZMQ,EURUSD
538,2020-04-17 15:26:38.784000,2020-04-17 15:26:39.049000,2020-04-17 15:26:39.070652,265.0,21.652,286.652,1.08755,1.08759,MM,MetaQuotes Software Corp.,DEMO,MT5,ZMQ,EURUSD
539,2020-04-17 17:26:39.100000,2020-04-17 17:26:39.131000,2020-04-17 15:26:39.096680,31.0,-7200034.32,-7200003.32,1.08761,1.08763,,FxPro,,CTRADER,ZMQ,EURUSD
540,2020-04-17 17:26:39.131000,2020-04-17 17:26:39.162000,2020-04-17 15:26:39.120681,31.0,-7200041.319,-7200010.319,1.08761,1.08763,,FxPro,,CTRADER,ZMQ,EURUSD
541,2020-04-17 15:26:38.835000,2020-04-17 15:26:39.100000,2020-04-17 15:26:39.146682,265.0,46.682,311.682,1.08756,1.0876,MM,MetaQuotes Software Corp.,DEMO,MT5,ZMQ,EURUSD
542,2020-04-17 15:26:38.858000,2020-04-17 15:26:39.123000,2020-04-17 15:26:39.171650,265.0,48.65,313.65,1.08756,1.08761,MM,MetaQuotes Software Corp.,DEMO,MT5,ZMQ,EURUSD
543,2020-04-17 15:26:38.886000,2020-04-17 15:26:39.151000,2020-04-17 15:26:39.197680,265.0,46.68,311.68,1.08756,1.08761,MM,MetaQuotes Software Corp.,DEMO,MT5,ZMQ,EURUSD
544,2020-04-17 15:26:38.899000,2020-04-17 15:26:39.164000,2020-04-17 15:26:39.222675,265.0,58.675,323.675,1.08757,1.08761,MM,MetaQuotes Software Corp.,DEMO,MT5,ZMQ,EURUSD
545,2020-04-17 15:26:38.987000,2020-04-17 15:26:39.252000,2020-04-17 15:26:39.256675,265.0,4.675,269.675,1.08757,1.08761,MM,MetaQuotes Software Corp.,DEMO,MT5,ZMQ,EURUSD
546,2020-04-17 15:26:39.082000,2020-04-17 15:26:39.347000,2020-04-17 15:26:39.351675,265.0,4.675,269.675,1.08757,1.08761,MM,MetaQuotes Software Corp.,DEMO,MT5,ZMQ,EURUSD
547,2020-04-17 15:26:39.189000,2020-04-17 15:26:39.454000,2020-04-17 15:26:39.458681,265.0,4.681,269.681,1.08757,1.08761,MM,MetaQuotes Software Corp.,DEMO,MT5,ZMQ,EURUSD
548,2020-04-17 15:26:39.281000,2020-04-17 15:26:39.546000,2020-04-17 15:26:39.550683,265.0,4.683,269.683,1.08757,1.08761,MM,MetaQuotes Software Corp.,DEMO,MT5,ZMQ,EURUSD
549,2020-04-17 17:26:39.740000,2020-04-17 17:26:39.771000,2020-04-17 15:26:39.576675,31.0,-7200194.325,-7200163.325,1.08762,1.08764,,FxPro,,CTRADER,ZMQ,EURUSD
550,2020-04-17 15:26:39.388000,2020-04-17 15:26:39.653000,2020-04-17 15:26:39.657680,265.0,4.68,269.68,1.08757,1.08761,MM,MetaQuotes Software Corp.,DEMO,MT5,ZMQ,EURUSD
551,2020-04-17 15:26:39.426000,2020-04-17 15:26:39.691000,2020-04-17 15:26:39.695650,265.0,4.65,269.65,1.08758,1.08764,MM,MetaQuotes Software Corp.,DEMO,MT5,ZMQ,EURUSD
552,2020-04-17 15:26:39.483000,2020-04-17 15:26:39.748000,2020-04-17 15:26:39.751682,265.0,3.682,268.682,1.08758,1.08764,MM,MetaQuotes Software Corp.,DEMO,MT5,ZMQ,EURUSD
553,2020-04-17 15:26:39.578000,2020-04-17 15:26:39.843000,2020-04-17 15:26:39.847251,265.0,4.251,269.251,1.08758,1.08764,MM,MetaQuotes Software Corp.,DEMO,MT5,ZMQ,EURUSD
554,2020-04-17 15:26:39.627000,2020-04-17 15:26:39.892000,2020-04-17 15:26:39.896222,265.0,4.222,269.222,1.0876,1.08765,MM,MetaQuotes Software Corp.,DEMO,MT5,ZMQ,EURUSD
555,2020-04-17 15:26:39.689000,2020-04-17 15:26:39.954000,2020-04-17 15:26:39.958252,265.0,4.252,269.252,1.0876,1.08765,MM,MetaQuotes Software Corp.,DEMO,MT5,ZMQ,EURUSD
556,2020-04-17 17:26:40.131000,2020-04-17 17:26:40.162000,2020-04-17 15:26:39.983255,31.0,-7200178.745,-7200147.745,1.08762,1.08764,,FxPro,,CTRADER,ZMQ,EURUSD
557,2020-04-17 15:26:39.781000,2020-04-17 15:26:40.046000,2020-04-17 15:26:40.050251,265.0,4.251,269.251,1.0876,1.08765,MM,MetaQuotes Software Corp.,DEMO,MT5,ZMQ,EURUSD
558,2020-04-17 15:26:39.887000,2020-04-17 15:26:40.152000,2020-04-17 15:26:40.156221,265.0,4.221,269.221,1.0876,1.08765,MM,MetaQuotes Software Corp.,DEMO,MT5,ZMQ,EURUSD
559,2020-04-17 15:26:39.985000,2020-04-17 15:26:40.250000,2020-04-17 15:26:40.254247,265.0,4.247,269.247,1.0876,1.08765,MM,MetaQuotes Software Corp.,DEMO,MT5,ZMQ,EURUSD
560,2020-04-17 15:26:40.080000,2020-04-17 15:26:40.345000,2020-04-17 15:26:40.349251,265.0,4.251,269.251,1.0876,1.08765,MM,MetaQuotes Software Corp.,DEMO,MT5,ZMQ,EURUSD
561,2020-04-17 15:26:40.188000,2020-04-17 15:26:40.453000,2020-04-17 15:26:40.457221,265.0,4.221,269.221,1.0876,1.08765,MM,MetaQuotes Software Corp.,DEMO,MT5,ZMQ,EURUSD
562,2020-04-17 15:26:40.279000,2020-04-17 15:26:40.544000,2020-04-17 15:26:40.548381,265.0,4.381,269.381,1.0876,1.08765,MM,MetaQuotes Software Corp.,DEMO,MT5,ZMQ,EURUSD
563,2020-04-17 15:26:40.386000,2020-04-17 15:26:40.651000,2020-04-17 15:26:40.655378,265.0,4.378,269.378,1.0876,1.08765,MM,MetaQuotes Software Corp.,DEMO,MT5,ZMQ,EURUSD
564,2020-04-17 15:26:40.485000,2020-04-17 15:26:40.750000,2020-04-17 15:26:40.754377,265.0,4.377,269.377,1.0876,1.08765,MM,MetaQuotes Software Corp.,DEMO,MT5,ZMQ,EURUSD
565,2020-04-17 15:26:40.579000,2020-04-17 15:26:40.844000,2020-04-17 15:26:40.848383,265.0,4.383,269.383,1.0876,1.08765,MM,MetaQuotes Software Corp.,DEMO,MT5,ZMQ,EURUSD
566,2020-04-17 15:26:40.688000,2020-04-17 15:26:40.953000,2020-04-17 15:26:40.957376,265.0,4.376,269.376,1.0876,1.08765,MM,MetaQuotes Software Corp.,DEMO,MT5,ZMQ,EURUSD
567,2020-04-17 17:26:41.131000,2020-04-17 17:26:41.162000,2020-04-17 15:26:40.982376,31.0,-7200179.624,-7200148.624,1.08762,1.08764,,FxPro,,CTRADER,ZMQ,EURUSD
568,2020-04-17 15:26:40.779000,2020-04-17 15:26:41.044000,2020-04-17 15:26:41.048381,265.0,4.381,269.381,1.0876,1.08765,MM,MetaQuotes Software Corp.,DEMO,MT5,ZMQ,EURUSD
569,2020-04-17 15:26:40.890000,2020-04-17 15:26:41.155000,2020-04-17 15:26:41.159946,265.0,4.946,269.946,1.0876,1.08765,MM,MetaQuotes Software Corp.,DEMO,MT5,ZMQ,EURUSD
570,2020-04-17 15:26:40.989000,2020-04-17 15:26:41.254000,2020-04-17 15:26:41.258945,265.0,4.945,269.945,1.0876,1.08765,MM,MetaQuotes Software Corp.,DEMO,MT5,ZMQ,EURUSD
571,2020-04-17 15:26:41.084000,2020-04-17 15:26:41.349000,2020-04-17 15:26:41.353915,265.0,4.915,269.915,1.0876,1.08765,MM,MetaQuotes Software Corp.,DEMO,MT5,ZMQ,EURUSD
572,2020-04-17 15:26:41.094000,2020-04-17 15:26:41.359000,2020-04-17 15:26:41.380943,265.0,21.943,286.943,1.0876,1.08766,MM,MetaQuotes Software Corp.,DEMO,MT5,ZMQ,EURUSD
573,2020-04-17 15:26:41.187000,2020-04-17 15:26:41.452000,2020-04-17 15:26:41.456944,265.0,4.944,269.944,1.0876,1.08766,MM,MetaQuotes Software Corp.,DEMO,MT5,ZMQ,EURUSD
574,2020-04-17 15:26:41.278000,2020-04-17 15:26:41.543000,2020-04-17 15:26:41.547947,265.0,4.947,269.947,1.0876,1.08766,MM,MetaQuotes Software Corp.,DEMO,MT5,ZMQ,EURUSD
575,2020-04-17 15:26:41.389000,2020-04-17 15:26:41.654000,2020-04-17 15:26:41.658944,265.0,4.944,269.944,1.0876,1.08766,MM,MetaQuotes Software Corp.,DEMO,MT5,ZMQ,EURUSD
576,2020-04-17 15:26:41.488000,2020-04-17 15:26:41.753000,2020-04-17 15:26:41.757944,265.0,4.944,269.944,1.0876,1.08766,MM,MetaQuotes Software Corp.,DEMO,MT5,ZMQ,EURUSD
577,2020-04-17 15:26:41.583000,2020-04-17 15:26:41.848000,2020-04-17 15:26:41.852939,265.0,4.939,269.939,1.0876,1.08766,MM,MetaQuotes Software Corp.,DEMO,MT5,ZMQ,EURUSD
578,2020-04-17 15:26:41.683000,2020-04-17 15:26:41.948000,2020-04-17 15:26:41.952947,265.0,4.947,269.947,1.0876,1.08766,MM,MetaQuotes Software Corp.,DEMO,MT5,ZMQ,EURUSD
579,2020-04-17 17:26:42.147000,2020-04-17 17:26:42.178000,2020-04-17 15:26:41.977945,31.0,-7200200.055,-7200169.055,1.08762,1.08764,,FxPro,,CTRADER,ZMQ,EURUSD
580,2020-04-17 15:26:41.789000,2020-04-17 15:26:42.054000,2020-04-17 15:26:42.058939,265.0,4.939,269.939,1.0876,1.08766,MM,MetaQuotes Software Corp.,DEMO,MT5,ZMQ,EURUSD
581,2020-04-17 15:26:41.866000,2020-04-17 15:26:42.131000,2020-04-17 15:26:42.135914,265.0,4.914,269.914,1.08761,1.08766,MM,MetaQuotes Software Corp.,DEMO,MT5,ZMQ,EURUSD
582,2020-04-17 15:26:41.886000,2020-04-17 15:26:42.151000,2020-04-17 15:26:42.160939,265.0,9.939,274.939,1.08761,1.08766,MM,MetaQuotes Software Corp.,DEMO,MT5,ZMQ,EURUSD
583,2020-04-17 15:26:41.985000,2020-04-17 15:26:42.250000,2020-04-17 15:26:42.254940,265.0,4.94,269.94,1.08761,1.08766,MM,MetaQuotes Software Corp.,DEMO,MT5,ZMQ,EURUSD
584,2020-04-17 17:26:42.428000,2020-04-17 17:26:42.459000,2020-04-17 15:26:42.279939,31.0,-7200179.061,-7200148.061,1.08763,1.08765,,FxPro,,CTRADER,ZMQ,EURUSD
585,2020-04-17 15:26:42.079000,2020-04-17 15:26:42.344000,2020-04-17 15:26:42.348944,265.0,4.944,269.944,1.08761,1.08766,MM,MetaQuotes Software Corp.,DEMO,MT5,ZMQ,EURUSD
586,2020-04-17 15:26:42.096000,2020-04-17 15:26:42.361000,2020-04-17 15:26:42.373914,265.0,12.914,277.914,1.0876,1.08766,MM,MetaQuotes Software Corp.,DEMO,MT5,ZMQ,EURUSD
587,2020-04-17 15:26:42.106000,2020-04-17 15:26:42.371000,2020-04-17 15:26:42.399944,265.0,28.944,293.944,1.08761,1.08766,MM,MetaQuotes Software Corp.,DEMO,MT5,ZMQ,EURUSD
588,2020-04-17 17:26:42.584000,2020-04-17 17:26:42.615000,2020-04-17 15:26:42.425944,31.0,-7200189.056,-7200158.056,1.08765,1.08767,,FxPro,,CTRADER,ZMQ,EURUSD
