,Ask,Bid,BrokerName,Creation Time,Current Time,DR,Protocol,Symbol,Terminal,Terminal Time,TypeBroker,X,Y,Z
0,1.10928,1.10912,Dom Maklerski Banku Ochrony Srodowiska S.A.,2019-12-03 17:04:28.686000,2019-12-03 17:04:31.972014,DEMO,ZMQ,EURUSD,MT4,2019-12-03 17:04:28.686000,MM,0.0,3286.014,3286.014
1,1.10928,1.10912,Dom Maklerski Banku Ochrony Srodowiska S.A.,2019-12-03 17:04:28.794000,2019-12-03 17:04:31.994014,DEMO,ZMQ,EURUSD,MT4,2019-12-03 17:04:28.794000,MM,0.0,3200.014,3200.014
2,1.10928,1.10912,Dom Maklerski Banku Ochrony Srodowiska S.A.,2019-12-03 17:04:28.916000,2019-12-03 17:04:32.018014,DEMO,ZMQ,EURUSD,MT4,2019-12-03 17:04:28.916000,MM,0.0,3102.014,3102.014
3,1.10928,1.10912,Dom Maklerski Banku Ochrony Srodowiska S.A.,2019-12-03 17:04:29.012000,2019-12-03 17:04:32.042014,DEMO,ZMQ,EURUSD,MT4,2019-12-03 17:04:29.012000,MM,0.0,3030.014,3030.014
4,1.10928,1.10912,Dom Maklerski Banku Ochrony Srodowiska S.A.,2019-12-03 17:04:29.126000,2019-12-03 17:04:32.066014,DEMO,ZMQ,EURUSD,MT4,2019-12-03 17:04:29.126000,MM,0.0,2940.014,2940.014
5,1.10928,1.10912,Dom Maklerski Banku Ochrony Srodowiska S.A.,2019-12-03 17:04:29.233000,2019-12-03 17:04:32.089014,DEMO,ZMQ,EURUSD,MT4,2019-12-03 17:04:29.233000,MM,0.0,2856.014,2856.014
6,1.10928,1.10912,Dom Maklerski Banku Ochrony Srodowiska S.A.,2019-12-03 17:04:29.341000,2019-12-03 17:04:32.112014,DEMO,ZMQ,EURUSD,MT4,2019-12-03 17:04:29.341000,MM,0.0,2771.014,2771.014
7,1.10928,1.10912,Dom Maklerski Banku Ochrony Srodowiska S.A.,2019-12-03 17:04:29.449000,2019-12-03 17:04:32.135014,DEMO,ZMQ,EURUSD,MT4,2019-12-03 17:04:29.449000,MM,0.0,2686.014,2686.014
8,1.10928,1.10912,Dom Maklerski Banku Ochrony Srodowiska S.A.,2019-12-03 17:04:29.562000,2019-12-03 17:04:32.158014,DEMO,ZMQ,EURUSD,MT4,2019-12-03 17:04:29.562000,MM,0.0,2596.014,2596.014
9,1.10928,1.10912,Dom Maklerski Banku Ochrony Srodowiska S.A.,2019-12-03 17:04:29.667000,2019-12-03 17:04:32.182014,DEMO,ZMQ,EURUSD,MT4,2019-12-03 17:04:29.667000,MM,0.0,2515.014,2515.014
10,1.10928,1.10912,Dom Maklerski Banku Ochrony Srodowiska S.A.,2019-12-03 17:04:29.777000,2019-12-03 17:04:32.206015,DEMO,ZMQ,EURUSD,MT4,2019-12-03 17:04:29.777000,MM,0.0,2429.015,2429.015
11,1.10928,1.10912,Dom Maklerski Banku Ochrony Srodowiska S.A.,2019-12-03 17:04:29.885000,2019-12-03 17:04:32.230014,DEMO,ZMQ,EURUSD,MT4,2019-12-03 17:04:29.885000,MM,0.0,2345.014,2345.014
12,1.10928,1.10912,Dom Maklerski Banku Ochrony Srodowiska S.A.,2019-12-03 17:04:29.999000,2019-12-03 17:04:32.253014,DEMO,ZMQ,EURUSD,MT4,2019-12-03 17:04:29.999000,MM,0.0,2254.014,2254.014
13,1.10928,1.10912,Dom Maklerski Banku Ochrony Srodowiska S.A.,2019-12-03 17:04:30.104000,2019-12-03 17:04:32.276014,DEMO,ZMQ,EURUSD,MT4,2019-12-03 17:04:30.104000,MM,0.0,2172.014,2172.014
14,1.10928,1.10912,Dom Maklerski Banku Ochrony Srodowiska S.A.,2019-12-03 17:04:30.214000,2019-12-03 17:04:32.300014,DEMO,ZMQ,EURUSD,MT4,2019-12-03 17:04:30.214000,MM,0.0,2086.014,2086.014
15,1.10928,1.10912,Dom Maklerski Banku Ochrony Srodowiska S.A.,2019-12-03 17:04:30.324000,2019-12-03 17:04:32.324014,DEMO,ZMQ,EURUSD,MT4,2019-12-03 17:04:30.324000,MM,0.0,2000.014,2000.014
16,1.10928,1.10912,Dom Maklerski Banku Ochrony Srodowiska S.A.,2019-12-03 17:04:30.434000,2019-12-03 17:04:32.347014,DEMO,ZMQ,EURUSD,MT4,2019-12-03 17:04:30.434000,MM,0.0,1913.014,1913.014
17,1.10928,1.10912,Dom Maklerski Banku Ochrony Srodowiska S.A.,2019-12-03 17:04:30.542000,2019-12-03 17:04:32.370014,DEMO,ZMQ,EURUSD,MT4,2019-12-03 17:04:30.542000,MM,0.0,1828.014,1828.014
18,1.10924,1.10908,Dom Maklerski Banku Ochrony Srodowiska S.A.,2019-12-03 17:04:30.552000,2019-12-03 17:04:32.393014,DEMO,ZMQ,EURUSD,MT4,2019-12-03 17:04:30.552000,MM,0.0,1841.014,1841.014
19,1.10924,1.10908,Dom Maklerski Banku Ochrony Srodowiska S.A.,2019-12-03 17:04:30.666000,2019-12-03 17:04:32.417014,DEMO,ZMQ,EURUSD,MT4,2019-12-03 17:04:30.666000,MM,0.0,1751.014,1751.014
20,1.10924,1.10908,Dom Maklerski Banku Ochrony Srodowiska S.A.,2019-12-03 17:04:30.760000,2019-12-03 17:04:32.442016,DEMO,ZMQ,EURUSD,MT4,2019-12-03 17:04:30.760000,MM,0.0,1682.016,1682.016
21,1.10924,1.10908,Dom Maklerski Banku Ochrony Srodowiska S.A.,2019-12-03 17:04:30.869000,2019-12-03 17:04:32.466014,DEMO,ZMQ,EURUSD,MT4,2019-12-03 17:04:30.869000,MM,0.0,1597.014,1597.014
22,1.10924,1.10908,Dom Maklerski Banku Ochrony Srodowiska S.A.,2019-12-03 17:04:30.983000,2019-12-03 17:04:32.491014,DEMO,ZMQ,EURUSD,MT4,2019-12-03 17:04:30.983000,MM,0.0,1508.014,1508.014
23,1.10924,1.10908,Dom Maklerski Banku Ochrony Srodowiska S.A.,2019-12-03 17:04:31.088000,2019-12-03 17:04:32.514015,DEMO,ZMQ,EURUSD,MT4,2019-12-03 17:04:31.088000,MM,0.0,1426.015,1426.015
24,1.10924,1.10908,Dom Maklerski Banku Ochrony Srodowiska S.A.,2019-12-03 17:04:31.196000,2019-12-03 17:04:32.537014,DEMO,ZMQ,EURUSD,MT4,2019-12-03 17:04:31.196000,MM,0.0,1341.014,1341.014
25,1.10924,1.10908,Dom Maklerski Banku Ochrony Srodowiska S.A.,2019-12-03 17:04:31.309000,2019-12-03 17:04:32.560014,DEMO,ZMQ,EURUSD,MT4,2019-12-03 17:04:31.309000,MM,0.0,1251.014,1251.014
26,1.10924,1.10908,Dom Maklerski Banku Ochrony Srodowiska S.A.,2019-12-03 17:04:31.417000,2019-12-03 17:04:32.583014,DEMO,ZMQ,EURUSD,MT4,2019-12-03 17:04:31.417000,MM,0.0,1166.014,1166.014
27,1.10924,1.10908,Dom Maklerski Banku Ochrony Srodowiska S.A.,2019-12-03 17:04:31.526000,2019-12-03 17:04:32.606013,DEMO,ZMQ,EURUSD,MT4,2019-12-03 17:04:31.526000,MM,0.0,1080.013,1080.013
28,1.10924,1.10908,Dom Maklerski Banku Ochrony Srodowiska S.A.,2019-12-03 17:04:31.639000,2019-12-03 17:04:32.630013,DEMO,ZMQ,EURUSD,MT4,2019-12-03 17:04:31.639000,MM,0.0,991.013,991.013
29,1.10924,1.10908,Dom Maklerski Banku Ochrony Srodowiska S.A.,2019-12-03 17:04:31.747000,2019-12-03 17:04:32.654046,DEMO,ZMQ,EURUSD,MT4,2019-12-03 17:04:31.747000,MM,0.0,907.046,907.046
30,1.10924,1.10908,Dom Maklerski Banku Ochrony Srodowiska S.A.,2019-12-03 17:04:31.855000,2019-12-03 17:04:32.678014,DEMO,ZMQ,EURUSD,MT4,2019-12-03 17:04:31.855000,MM,0.0,823.014,823.014
31,1.10924,1.10908,Dom Maklerski Banku Ochrony Srodowiska S.A.,2019-12-03 17:04:31.966000,2019-12-03 17:04:32.701039,DEMO,ZMQ,EURUSD,MT4,2019-12-03 17:04:31.966000,MM,0.0,735.039,735.039
32,1.10924,1.10908,Dom Maklerski Banku Ochrony Srodowiska S.A.,2019-12-03 17:04:32.078000,2019-12-03 17:04:32.725039,DEMO,ZMQ,EURUSD,MT4,2019-12-03 17:04:32.078000,MM,0.0,647.039,647.039
33,1.10917,1.10901,Dom Maklerski Banku Ochrony Srodowiska S.A.,2019-12-03 17:04:32.173000,2019-12-03 17:04:32.749038,DEMO,ZMQ,EURUSD,MT4,2019-12-03 17:04:32.173000,MM,0.0,576.038,576.038
34,1.10917,1.10901,Dom Maklerski Banku Ochrony Srodowiska S.A.,2019-12-03 17:04:32.188000,2019-12-03 17:04:32.772039,DEMO,ZMQ,EURUSD,MT4,2019-12-03 17:04:32.188000,MM,0.0,584.039,584.039
35,1.10917,1.10901,Dom Maklerski Banku Ochrony Srodowiska S.A.,2019-12-03 17:04:32.292000,2019-12-03 17:04:32.795014,DEMO,ZMQ,EURUSD,MT4,2019-12-03 17:04:32.292000,MM,0.0,503.014,503.014
36,1.10917,1.10901,Dom Maklerski Banku Ochrony Srodowiska S.A.,2019-12-03 17:04:32.400000,2019-12-03 17:04:32.818014,DEMO,ZMQ,EURUSD,MT4,2019-12-03 17:04:32.400000,MM,0.0,418.014,418.014
37,1.10917,1.10901,Dom Maklerski Banku Ochrony Srodowiska S.A.,2019-12-03 17:04:32.511000,2019-12-03 17:04:32.842016,DEMO,ZMQ,EURUSD,MT4,2019-12-03 17:04:32.511000,MM,0.0,331.016,331.016
38,1.10917,1.10901,Dom Maklerski Banku Ochrony Srodowiska S.A.,2019-12-03 17:04:32.622000,2019-12-03 17:04:32.866014,DEMO,ZMQ,EURUSD,MT4,2019-12-03 17:04:32.622000,MM,0.0,244.014,244.014
39,1.10917,1.10901,Dom Maklerski Banku Ochrony Srodowiska S.A.,2019-12-03 17:04:32.732000,2019-12-03 17:04:32.892015,DEMO,ZMQ,EURUSD,MT4,2019-12-03 17:04:32.732000,MM,0.0,160.015,160.015
40,1.10917,1.10901,Dom Maklerski Banku Ochrony Srodowiska S.A.,2019-12-03 17:04:32.842000,2019-12-03 17:04:32.916038,DEMO,ZMQ,EURUSD,MT4,2019-12-03 17:04:32.842000,MM,0.0,74.038,74.038
41,1.10917,1.10901,Dom Maklerski Banku Ochrony Srodowiska S.A.,2019-12-03 17:04:32.948000,2019-12-03 17:04:32.951014,DEMO,ZMQ,EURUSD,MT4,2019-12-03 17:04:32.948000,MM,0.0,3.014,3.014
42,1.10917,1.10901,Dom Maklerski Banku Ochrony Srodowiska S.A.,2019-12-03 17:04:33.057000,2019-12-03 17:04:33.060014,DEMO,ZMQ,EURUSD,MT4,2019-12-03 17:04:33.057000,MM,0.0,3.014,3.014
43,1.10917,1.10901,Dom Maklerski Banku Ochrony Srodowiska S.A.,2019-12-03 17:04:33.168000,2019-12-03 17:04:33.171014,DEMO,ZMQ,EURUSD,MT4,2019-12-03 17:04:33.168000,MM,0.0,3.014,3.014
44,1.10917,1.10901,Dom Maklerski Banku Ochrony Srodowiska S.A.,2019-12-03 17:04:33.280000,2019-12-03 17:04:33.283039,DEMO,ZMQ,EURUSD,MT4,2019-12-03 17:04:33.280000,MM,0.0,3.039,3.039
45,1.10917,1.10901,Dom Maklerski Banku Ochrony Srodowiska S.A.,2019-12-03 17:04:33.386000,2019-12-03 17:04:33.389013,DEMO,ZMQ,EURUSD,MT4,2019-12-03 17:04:33.386000,MM,0.0,3.013,3.013
46,1.10917,1.10901,Dom Maklerski Banku Ochrony Srodowiska S.A.,2019-12-03 17:04:33.498000,2019-12-03 17:04:33.502014,DEMO,ZMQ,EURUSD,MT4,2019-12-03 17:04:33.498000,MM,0.0,4.014,4.014
47,1.10917,1.10901,Dom Maklerski Banku Ochrony Srodowiska S.A.,2019-12-03 17:04:33.607000,2019-12-03 17:04:33.610040,DEMO,ZMQ,EURUSD,MT4,2019-12-03 17:04:33.607000,MM,0.0,3.04,3.04
48,1.10917,1.10901,Dom Maklerski Banku Ochrony Srodowiska S.A.,2019-12-03 17:04:33.718000,2019-12-03 17:04:33.721014,DEMO,ZMQ,EURUSD,MT4,2019-12-03 17:04:33.718000,MM,0.0,3.014,3.014
49,1.10917,1.10901,Dom Maklerski Banku Ochrony Srodowiska S.A.,2019-12-03 17:04:33.823000,2019-12-03 17:04:33.826014,DEMO,ZMQ,EURUSD,MT4,2019-12-03 17:04:33.823000,MM,0.0,3.014,3.014
50,1.10917,1.10901,Dom Maklerski Banku Ochrony Srodowiska S.A.,2019-12-03 17:04:33.936000,2019-12-03 17:04:33.940014,DEMO,ZMQ,EURUSD,MT4,2019-12-03 17:04:33.936000,MM,0.0,4.014,4.014
51,1.10917,1.10901,Dom Maklerski Banku Ochrony Srodowiska S.A.,2019-12-03 17:04:34.047000,2019-12-03 17:04:34.050045,DEMO,ZMQ,EURUSD,MT4,2019-12-03 17:04:34.047000,MM,0.0,3.045,3.045
52,1.10917,1.10901,Dom Maklerski Banku Ochrony Srodowiska S.A.,2019-12-03 17:04:34.156000,2019-12-03 17:04:34.159043,DEMO,ZMQ,EURUSD,MT4,2019-12-03 17:04:34.156000,MM,0.0,3.043,3.043
53,1.10917,1.10901,Dom Maklerski Banku Ochrony Srodowiska S.A.,2019-12-03 17:04:34.266000,2019-12-03 17:04:34.269014,DEMO,ZMQ,EURUSD,MT4,2019-12-03 17:04:34.266000,MM,0.0,3.014,3.014
54,1.10917,1.10901,Dom Maklerski Banku Ochrony Srodowiska S.A.,2019-12-03 17:04:34.370000,2019-12-03 17:04:34.374014,DEMO,ZMQ,EURUSD,MT4,2019-12-03 17:04:34.370000,MM,0.0,4.014,4.014
55,1.10917,1.10901,Dom Maklerski Banku Ochrony Srodowiska S.A.,2019-12-03 17:04:34.479000,2019-12-03 17:04:34.482013,DEMO,ZMQ,EURUSD,MT4,2019-12-03 17:04:34.479000,MM,0.0,3.013,3.013
56,1.10917,1.10901,Dom Maklerski Banku Ochrony Srodowiska S.A.,2019-12-03 17:04:34.590000,2019-12-03 17:04:34.593013,DEMO,ZMQ,EURUSD,MT4,2019-12-03 17:04:34.590000,MM,0.0,3.013,3.013
57,1.10917,1.10901,Dom Maklerski Banku Ochrony Srodowiska S.A.,2019-12-03 17:04:34.701000,2019-12-03 17:04:34.704014,DEMO,ZMQ,EURUSD,MT4,2019-12-03 17:04:34.701000,MM,0.0,3.014,3.014
58,1.10917,1.10901,Dom Maklerski Banku Ochrony Srodowiska S.A.,2019-12-03 17:04:34.812000,2019-12-03 17:04:34.815014,DEMO,ZMQ,EURUSD,MT4,2019-12-03 17:04:34.812000,MM,0.0,3.014,3.014
59,1.10917,1.10901,Dom Maklerski Banku Ochrony Srodowiska S.A.,2019-12-03 17:04:34.917000,2019-12-03 17:04:34.920044,DEMO,ZMQ,EURUSD,MT4,2019-12-03 17:04:34.917000,MM,0.0,3.044,3.044
60,1.10917,1.10901,Dom Maklerski Banku Ochrony Srodowiska S.A.,2019-12-03 17:04:35.027000,2019-12-03 17:04:35.030044,DEMO,ZMQ,EURUSD,MT4,2019-12-03 17:04:35.027000,MM,0.0,3.044,3.044
61,1.10917,1.10901,Dom Maklerski Banku Ochrony Srodowiska S.A.,2019-12-03 17:04:35.145000,2019-12-03 17:04:35.149013,DEMO,ZMQ,EURUSD,MT4,2019-12-03 17:04:35.145000,MM,0.0,4.013,4.013
62,1.10917,1.10901,Dom Maklerski Banku Ochrony Srodowiska S.A.,2019-12-03 17:04:35.248000,2019-12-03 17:04:35.251014,DEMO,ZMQ,EURUSD,MT4,2019-12-03 17:04:35.248000,MM,0.0,3.014,3.014
63,1.10917,1.10901,Dom Maklerski Banku Ochrony Srodowiska S.A.,2019-12-03 17:04:35.353000,2019-12-03 17:04:35.357013,DEMO,ZMQ,EURUSD,MT4,2019-12-03 17:04:35.353000,MM,0.0,4.013,4.013
64,1.10917,1.10901,Dom Maklerski Banku Ochrony Srodowiska S.A.,2019-12-03 17:04:35.465000,2019-12-03 17:04:35.468014,DEMO,ZMQ,EURUSD,MT4,2019-12-03 17:04:35.465000,MM,0.0,3.014,3.014
65,1.10917,1.10901,Dom Maklerski Banku Ochrony Srodowiska S.A.,2019-12-03 17:04:35.577000,2019-12-03 17:04:35.580040,DEMO,ZMQ,EURUSD,MT4,2019-12-03 17:04:35.577000,MM,0.0,3.04,3.04
66,1.10917,1.10901,Dom Maklerski Banku Ochrony Srodowiska S.A.,2019-12-03 17:04:35.684000,2019-12-03 17:04:35.688014,DEMO,ZMQ,EURUSD,MT4,2019-12-03 17:04:35.684000,MM,0.0,4.014,4.014
67,1.10917,1.10901,Dom Maklerski Banku Ochrony Srodowiska S.A.,2019-12-03 17:04:35.794000,2019-12-03 17:04:35.798014,DEMO,ZMQ,EURUSD,MT4,2019-12-03 17:04:35.794000,MM,0.0,4.014,4.014
68,1.10917,1.10901,Dom Maklerski Banku Ochrony Srodowiska S.A.,2019-12-03 17:04:35.900000,2019-12-03 17:04:35.903013,DEMO,ZMQ,EURUSD,MT4,2019-12-03 17:04:35.900000,MM,0.0,3.013,3.013
69,1.10917,1.10901,Dom Maklerski Banku Ochrony Srodowiska S.A.,2019-12-03 17:04:36.014000,2019-12-03 17:04:36.018014,DEMO,ZMQ,EURUSD,MT4,2019-12-03 17:04:36.014000,MM,0.0,4.014,4.014
70,1.10917,1.10901,Dom Maklerski Banku Ochrony Srodowiska S.A.,2019-12-03 17:04:36.125000,2019-12-03 17:04:36.128014,DEMO,ZMQ,EURUSD,MT4,2019-12-03 17:04:36.125000,MM,0.0,3.014,3.014
71,1.10917,1.10901,Dom Maklerski Banku Ochrony Srodowiska S.A.,2019-12-03 17:04:36.229000,2019-12-03 17:04:36.233015,DEMO,ZMQ,EURUSD,MT4,2019-12-03 17:04:36.229000,MM,0.0,4.015,4.015
72,1.10917,1.10901,Dom Maklerski Banku Ochrony Srodowiska S.A.,2019-12-03 17:04:36.342000,2019-12-03 17:04:36.346044,DEMO,ZMQ,EURUSD,MT4,2019-12-03 17:04:36.342000,MM,0.0,4.044,4.044
73,1.10917,1.10901,Dom Maklerski Banku Ochrony Srodowiska S.A.,2019-12-03 17:04:36.447000,2019-12-03 17:04:36.450043,DEMO,ZMQ,EURUSD,MT4,2019-12-03 17:04:36.447000,MM,0.0,3.043,3.043
74,1.10917,1.10901,Dom Maklerski Banku Ochrony Srodowiska S.A.,2019-12-03 17:04:36.562000,2019-12-03 17:04:36.565014,DEMO,ZMQ,EURUSD,MT4,2019-12-03 17:04:36.562000,MM,0.0,3.014,3.014
75,1.10917,1.10901,Dom Maklerski Banku Ochrony Srodowiska S.A.,2019-12-03 17:04:36.670000,2019-12-03 17:04:36.674014,DEMO,ZMQ,EURUSD,MT4,2019-12-03 17:04:36.670000,MM,0.0,4.014,4.014
76,1.10917,1.10901,Dom Maklerski Banku Ochrony Srodowiska S.A.,2019-12-03 17:04:36.778000,2019-12-03 17:04:36.782014,DEMO,ZMQ,EURUSD,MT4,2019-12-03 17:04:36.778000,MM,0.0,4.014,4.014
77,1.10917,1.10901,Dom Maklerski Banku Ochrony Srodowiska S.A.,2019-12-03 17:04:36.896000,2019-12-03 17:04:36.900014,DEMO,ZMQ,EURUSD,MT4,2019-12-03 17:04:36.896000,MM,0.0,4.014,4.014
78,1.10917,1.10901,Dom Maklerski Banku Ochrony Srodowiska S.A.,2019-12-03 17:04:36.996000,2019-12-03 17:04:36.999014,DEMO,ZMQ,EURUSD,MT4,2019-12-03 17:04:36.996000,MM,0.0,3.014,3.014
79,1.10917,1.10901,Dom Maklerski Banku Ochrony Srodowiska S.A.,2019-12-03 17:04:37.106000,2019-12-03 17:04:37.110014,DEMO,ZMQ,EURUSD,MT4,2019-12-03 17:04:37.106000,MM,0.0,4.014,4.014
80,1.10917,1.10901,Dom Maklerski Banku Ochrony Srodowiska S.A.,2019-12-03 17:04:37.216000,2019-12-03 17:04:37.220014,DEMO,ZMQ,EURUSD,MT4,2019-12-03 17:04:37.216000,MM,0.0,4.014,4.014
81,1.10917,1.10901,Dom Maklerski Banku Ochrony Srodowiska S.A.,2019-12-03 17:04:37.323000,2019-12-03 17:04:37.326014,DEMO,ZMQ,EURUSD,MT4,2019-12-03 17:04:37.323000,MM,0.0,3.014,3.014
82,1.10917,1.10901,Dom Maklerski Banku Ochrony Srodowiska S.A.,2019-12-03 17:04:37.434000,2019-12-03 17:04:37.437014,DEMO,ZMQ,EURUSD,MT4,2019-12-03 17:04:37.434000,MM,0.0,3.014,3.014
83,1.10917,1.10901,Dom Maklerski Banku Ochrony Srodowiska S.A.,2019-12-03 17:04:37.545000,2019-12-03 17:04:37.548014,DEMO,ZMQ,EURUSD,MT4,2019-12-03 17:04:37.545000,MM,0.0,3.014,3.014
84,1.10917,1.10901,Dom Maklerski Banku Ochrony Srodowiska S.A.,2019-12-03 17:04:37.654000,2019-12-03 17:04:37.658012,DEMO,ZMQ,EURUSD,MT4,2019-12-03 17:04:37.654000,MM,0.0,4.012,4.012
85,1.10917,1.10901,Dom Maklerski Banku Ochrony Srodowiska S.A.,2019-12-03 17:04:37.765000,2019-12-03 17:04:37.770013,DEMO,ZMQ,EURUSD,MT4,2019-12-03 17:04:37.765000,MM,0.0,5.013,5.013
86,1.10917,1.10901,Dom Maklerski Banku Ochrony Srodowiska S.A.,2019-12-03 17:04:37.871000,2019-12-03 17:04:37.875014,DEMO,ZMQ,EURUSD,MT4,2019-12-03 17:04:37.871000,MM,0.0,4.014,4.014
87,1.10917,1.10901,Dom Maklerski Banku Ochrony Srodowiska S.A.,2019-12-03 17:04:37.980000,2019-12-03 17:04:37.984049,DEMO,ZMQ,EURUSD,MT4,2019-12-03 17:04:37.980000,MM,0.0,4.049,4.049
88,1.10917,1.10901,Dom Maklerski Banku Ochrony Srodowiska S.A.,2019-12-03 17:04:38.092000,2019-12-03 17:04:38.096044,DEMO,ZMQ,EURUSD,MT4,2019-12-03 17:04:38.092000,MM,0.0,4.044,4.044
89,1.10917,1.10901,Dom Maklerski Banku Ochrony Srodowiska S.A.,2019-12-03 17:04:38.200000,2019-12-03 17:04:38.203014,DEMO,ZMQ,EURUSD,MT4,2019-12-03 17:04:38.200000,MM,0.0,3.014,3.014
90,1.10917,1.10901,Dom Maklerski Banku Ochrony Srodowiska S.A.,2019-12-03 17:04:38.310000,2019-12-03 17:04:38.313014,DEMO,ZMQ,EURUSD,MT4,2019-12-03 17:04:38.310000,MM,0.0,3.014,3.014
91,1.10917,1.10901,Dom Maklerski Banku Ochrony Srodowiska S.A.,2019-12-03 17:04:38.422000,2019-12-03 17:04:38.425014,DEMO,ZMQ,EURUSD,MT4,2019-12-03 17:04:38.422000,MM,0.0,3.014,3.014
92,1.10917,1.10901,Dom Maklerski Banku Ochrony Srodowiska S.A.,2019-12-03 17:04:38.527000,2019-12-03 17:04:38.531044,DEMO,ZMQ,EURUSD,MT4,2019-12-03 17:04:38.527000,MM,0.0,4.044,4.044
93,1.10917,1.10901,Dom Maklerski Banku Ochrony Srodowiska S.A.,2019-12-03 17:04:38.646000,2019-12-03 17:04:38.649014,DEMO,ZMQ,EURUSD,MT4,2019-12-03 17:04:38.646000,MM,0.0,3.014,3.014
94,1.10917,1.10901,Dom Maklerski Banku Ochrony Srodowiska S.A.,2019-12-03 17:04:38.744000,2019-12-03 17:04:38.747014,DEMO,ZMQ,EURUSD,MT4,2019-12-03 17:04:38.744000,MM,0.0,3.014,3.014
95,1.10917,1.10901,Dom Maklerski Banku Ochrony Srodowiska S.A.,2019-12-03 17:04:38.855000,2019-12-03 17:04:38.858043,DEMO,ZMQ,EURUSD,MT4,2019-12-03 17:04:38.855000,MM,0.0,3.043,3.043
96,1.10917,1.10901,Dom Maklerski Banku Ochrony Srodowiska S.A.,2019-12-03 17:04:38.966000,2019-12-03 17:04:38.969014,DEMO,ZMQ,EURUSD,MT4,2019-12-03 17:04:38.966000,MM,0.0,3.014,3.014
97,1.10917,1.10901,Dom Maklerski Banku Ochrony Srodowiska S.A.,2019-12-03 17:04:39.074000,2019-12-03 17:04:39.078014,DEMO,ZMQ,EURUSD,MT4,2019-12-03 17:04:39.074000,MM,0.0,4.014,4.014
98,1.10917,1.10901,Dom Maklerski Banku Ochrony Srodowiska S.A.,2019-12-03 17:04:39.183000,2019-12-03 17:04:39.187014,DEMO,ZMQ,EURUSD,MT4,2019-12-03 17:04:39.183000,MM,0.0,4.014,4.014
99,1.10917,1.10901,Dom Maklerski Banku Ochrony Srodowiska S.A.,2019-12-03 17:04:39.294000,2019-12-03 17:04:39.297014,DEMO,ZMQ,EURUSD,MT4,2019-12-03 17:04:39.294000,MM,0.0,3.014,3.014
100,1.10917,1.10901,Dom Maklerski Banku Ochrony Srodowiska S.A.,2019-12-03 17:04:39.404000,2019-12-03 17:04:39.408013,DEMO,ZMQ,EURUSD,MT4,2019-12-03 17:04:39.404000,MM,0.0,4.013,4.013
101,1.10917,1.10901,Dom Maklerski Banku Ochrony Srodowiska S.A.,2019-12-03 17:04:39.515000,2019-12-03 17:04:39.518039,DEMO,ZMQ,EURUSD,MT4,2019-12-03 17:04:39.515000,MM,0.0,3.039,3.039
102,1.10917,1.10901,Dom Maklerski Banku Ochrony Srodowiska S.A.,2019-12-03 17:04:39.619000,2019-12-03 17:04:39.622015,DEMO,ZMQ,EURUSD,MT4,2019-12-03 17:04:39.619000,MM,0.0,3.015,3.015
103,1.10917,1.10901,Dom Maklerski Banku Ochrony Srodowiska S.A.,2019-12-03 17:04:39.732000,2019-12-03 17:04:39.736014,DEMO,ZMQ,EURUSD,MT4,2019-12-03 17:04:39.732000,MM,0.0,4.014,4.014
104,1.10917,1.10901,Dom Maklerski Banku Ochrony Srodowiska S.A.,2019-12-03 17:04:39.844000,2019-12-03 17:04:39.847015,DEMO,ZMQ,EURUSD,MT4,2019-12-03 17:04:39.844000,MM,0.0,3.015,3.015
105,1.10917,1.10901,Dom Maklerski Banku Ochrony Srodowiska S.A.,2019-12-03 17:04:39.950000,2019-12-03 17:04:39.954043,DEMO,ZMQ,EURUSD,MT4,2019-12-03 17:04:39.950000,MM,0.0,4.043,4.043
106,1.10917,1.10901,Dom Maklerski Banku Ochrony Srodowiska S.A.,2019-12-03 17:04:40.062000,2019-12-03 17:04:40.066013,DEMO,ZMQ,EURUSD,MT4,2019-12-03 17:04:40.062000,MM,0.0,4.013,4.013
107,1.10917,1.10901,Dom Maklerski Banku Ochrony Srodowiska S.A.,2019-12-03 17:04:40.170000,2019-12-03 17:04:40.174013,DEMO,ZMQ,EURUSD,MT4,2019-12-03 17:04:40.170000,MM,0.0,4.013,4.013
108,1.10917,1.10901,Dom Maklerski Banku Ochrony Srodowiska S.A.,2019-12-03 17:04:40.275000,2019-12-03 17:04:40.278013,DEMO,ZMQ,EURUSD,MT4,2019-12-03 17:04:40.275000,MM,0.0,3.013,3.013
109,1.10917,1.10901,Dom Maklerski Banku Ochrony Srodowiska S.A.,2019-12-03 17:04:40.393000,2019-12-03 17:04:40.397013,DEMO,ZMQ,EURUSD,MT4,2019-12-03 17:04:40.393000,MM,0.0,4.013,4.013
110,1.10917,1.10901,Dom Maklerski Banku Ochrony Srodowiska S.A.,2019-12-03 17:04:40.500000,2019-12-03 17:04:40.504016,DEMO,ZMQ,EURUSD,MT4,2019-12-03 17:04:40.500000,MM,0.0,4.016,4.016
111,1.10917,1.10901,Dom Maklerski Banku Ochrony Srodowiska S.A.,2019-12-03 17:04:40.607000,2019-12-03 17:04:40.611043,DEMO,ZMQ,EURUSD,MT4,2019-12-03 17:04:40.607000,MM,0.0,4.043,4.043
112,1.10917,1.10901,Dom Maklerski Banku Ochrony Srodowiska S.A.,2019-12-03 17:04:40.714000,2019-12-03 17:04:40.717037,DEMO,ZMQ,EURUSD,MT4,2019-12-03 17:04:40.714000,MM,0.0,3.037,3.037
113,1.10917,1.10901,Dom Maklerski Banku Ochrony Srodowiska S.A.,2019-12-03 17:04:40.823000,2019-12-03 17:04:40.826044,DEMO,ZMQ,EURUSD,MT4,2019-12-03 17:04:40.823000,MM,0.0,3.044,3.044
114,1.10917,1.10901,Dom Maklerski Banku Ochrony Srodowiska S.A.,2019-12-03 17:04:40.934000,2019-12-03 17:04:40.937044,DEMO,ZMQ,EURUSD,MT4,2019-12-03 17:04:40.934000,MM,0.0,3.044,3.044
115,1.10917,1.10901,Dom Maklerski Banku Ochrony Srodowiska S.A.,2019-12-03 17:04:41.046000,2019-12-03 17:04:41.049014,DEMO,ZMQ,EURUSD,MT4,2019-12-03 17:04:41.046000,MM,0.0,3.014,3.014
116,1.10917,1.10901,Dom Maklerski Banku Ochrony Srodowiska S.A.,2019-12-03 17:04:41.152000,2019-12-03 17:04:41.155042,DEMO,ZMQ,EURUSD,MT4,2019-12-03 17:04:41.152000,MM,0.0,3.042,3.042
117,1.10917,1.10901,Dom Maklerski Banku Ochrony Srodowiska S.A.,2019-12-03 17:04:41.261000,2019-12-03 17:04:41.265038,DEMO,ZMQ,EURUSD,MT4,2019-12-03 17:04:41.261000,MM,0.0,4.038,4.038
118,1.10917,1.10901,Dom Maklerski Banku Ochrony Srodowiska S.A.,2019-12-03 17:04:41.370000,2019-12-03 17:04:41.373045,DEMO,ZMQ,EURUSD,MT4,2019-12-03 17:04:41.370000,MM,0.0,3.045,3.045
119,1.10917,1.10901,Dom Maklerski Banku Ochrony Srodowiska S.A.,2019-12-03 17:04:41.481000,2019-12-03 17:04:41.484044,DEMO,ZMQ,EURUSD,MT4,2019-12-03 17:04:41.481000,MM,0.0,3.044,3.044
120,1.10917,1.10901,Dom Maklerski Banku Ochrony Srodowiska S.A.,2019-12-03 17:04:41.592000,2019-12-03 17:04:41.595046,DEMO,ZMQ,EURUSD,MT4,2019-12-03 17:04:41.592000,MM,0.0,3.046,3.046
121,1.10917,1.10901,Dom Maklerski Banku Ochrony Srodowiska S.A.,2019-12-03 17:04:41.698000,2019-12-03 17:04:41.701044,DEMO,ZMQ,EURUSD,MT4,2019-12-03 17:04:41.698000,MM,0.0,3.044,3.044
122,1.10917,1.10901,Dom Maklerski Banku Ochrony Srodowiska S.A.,2019-12-03 17:04:41.809000,2019-12-03 17:04:41.812044,DEMO,ZMQ,EURUSD,MT4,2019-12-03 17:04:41.809000,MM,0.0,3.044,3.044
123,1.10917,1.10901,Dom Maklerski Banku Ochrony Srodowiska S.A.,2019-12-03 17:04:41.920000,2019-12-03 17:04:41.923014,DEMO,ZMQ,EURUSD,MT4,2019-12-03 17:04:41.920000,MM,0.0,3.014,3.014
124,1.10917,1.10901,Dom Maklerski Banku Ochrony Srodowiska S.A.,2019-12-03 17:04:42.028000,2019-12-03 17:04:42.031039,DEMO,ZMQ,EURUSD,MT4,2019-12-03 17:04:42.028000,MM,0.0,3.039,3.039
125,1.10917,1.10901,Dom Maklerski Banku Ochrony Srodowiska S.A.,2019-12-03 17:04:42.141000,2019-12-03 17:04:42.144014,DEMO,ZMQ,EURUSD,MT4,2019-12-03 17:04:42.141000,MM,0.0,3.014,3.014
126,1.10917,1.10901,Dom Maklerski Banku Ochrony Srodowiska S.A.,2019-12-03 17:04:42.247000,2019-12-03 17:04:42.250014,DEMO,ZMQ,EURUSD,MT4,2019-12-03 17:04:42.247000,MM,0.0,3.014,3.014
127,1.10917,1.10901,Dom Maklerski Banku Ochrony Srodowiska S.A.,2019-12-03 17:04:42.358000,2019-12-03 17:04:42.361014,DEMO,ZMQ,EURUSD,MT4,2019-12-03 17:04:42.358000,MM,0.0,3.014,3.014
128,1.10917,1.10901,Dom Maklerski Banku Ochrony Srodowiska S.A.,2019-12-03 17:04:42.464000,2019-12-03 17:04:42.468014,DEMO,ZMQ,EURUSD,MT4,2019-12-03 17:04:42.464000,MM,0.0,4.014,4.014
129,1.10917,1.10901,Dom Maklerski Banku Ochrony Srodowiska S.A.,2019-12-03 17:04:42.575000,2019-12-03 17:04:42.578013,DEMO,ZMQ,EURUSD,MT4,2019-12-03 17:04:42.575000,MM,0.0,3.013,3.013
130,1.10917,1.10901,Dom Maklerski Banku Ochrony Srodowiska S.A.,2019-12-03 17:04:42.687000,2019-12-03 17:04:42.690013,DEMO,ZMQ,EURUSD,MT4,2019-12-03 17:04:42.687000,MM,0.0,3.013,3.013
131,1.10917,1.10901,Dom Maklerski Banku Ochrony Srodowiska S.A.,2019-12-03 17:04:42.791000,2019-12-03 17:04:42.794014,DEMO,ZMQ,EURUSD,MT4,2019-12-03 17:04:42.791000,MM,0.0,3.014,3.014
132,1.10917,1.10901,Dom Maklerski Banku Ochrony Srodowiska S.A.,2019-12-03 17:04:42.902000,2019-12-03 17:04:42.906014,DEMO,ZMQ,EURUSD,MT4,2019-12-03 17:04:42.902000,MM,0.0,4.014,4.014
133,1.10917,1.10901,Dom Maklerski Banku Ochrony Srodowiska S.A.,2019-12-03 17:04:43.012000,2019-12-03 17:04:43.015039,DEMO,ZMQ,EURUSD,MT4,2019-12-03 17:04:43.012000,MM,0.0,3.039,3.039
134,1.10917,1.10901,Dom Maklerski Banku Ochrony Srodowiska S.A.,2019-12-03 17:04:43.122000,2019-12-03 17:04:43.125042,DEMO,ZMQ,EURUSD,MT4,2019-12-03 17:04:43.122000,MM,0.0,3.042,3.042
135,1.10917,1.10901,Dom Maklerski Banku Ochrony Srodowiska S.A.,2019-12-03 17:04:43.232000,2019-12-03 17:04:43.235014,DEMO,ZMQ,EURUSD,MT4,2019-12-03 17:04:43.232000,MM,0.0,3.014,3.014
136,1.10917,1.10901,Dom Maklerski Banku Ochrony Srodowiska S.A.,2019-12-03 17:04:43.343000,2019-12-03 17:04:43.347039,DEMO,ZMQ,EURUSD,MT4,2019-12-03 17:04:43.343000,MM,0.0,4.039,4.039
137,1.10917,1.10901,Dom Maklerski Banku Ochrony Srodowiska S.A.,2019-12-03 17:04:43.454000,2019-12-03 17:04:43.458014,DEMO,ZMQ,EURUSD,MT4,2019-12-03 17:04:43.454000,MM,0.0,4.014,4.014
138,1.10917,1.10901,Dom Maklerski Banku Ochrony Srodowiska S.A.,2019-12-03 17:04:43.560000,2019-12-03 17:04:43.563013,DEMO,ZMQ,EURUSD,MT4,2019-12-03 17:04:43.560000,MM,0.0,3.013,3.013
139,1.10917,1.10901,Dom Maklerski Banku Ochrony Srodowiska S.A.,2019-12-03 17:04:43.670000,2019-12-03 17:04:43.674013,DEMO,ZMQ,EURUSD,MT4,2019-12-03 17:04:43.670000,MM,0.0,4.013,4.013
140,1.10917,1.10901,Dom Maklerski Banku Ochrony Srodowiska S.A.,2019-12-03 17:04:43.777000,2019-12-03 17:04:43.780014,DEMO,ZMQ,EURUSD,MT4,2019-12-03 17:04:43.777000,MM,0.0,3.014,3.014
141,1.10917,1.10901,Dom Maklerski Banku Ochrony Srodowiska S.A.,2019-12-03 17:04:43.887000,2019-12-03 17:04:43.891014,DEMO,ZMQ,EURUSD,MT4,2019-12-03 17:04:43.887000,MM,0.0,4.014,4.014
142,1.10917,1.10901,Dom Maklerski Banku Ochrony Srodowiska S.A.,2019-12-03 17:04:43.997000,2019-12-03 17:04:44.001014,DEMO,ZMQ,EURUSD,MT4,2019-12-03 17:04:43.997000,MM,0.0,4.014,4.014
143,1.10917,1.10901,Dom Maklerski Banku Ochrony Srodowiska S.A.,2019-12-03 17:04:44.104000,2019-12-03 17:04:44.107014,DEMO,ZMQ,EURUSD,MT4,2019-12-03 17:04:44.104000,MM,0.0,3.014,3.014
144,1.10917,1.10901,Dom Maklerski Banku Ochrony Srodowiska S.A.,2019-12-03 17:04:44.216000,2019-12-03 17:04:44.219013,DEMO,ZMQ,EURUSD,MT4,2019-12-03 17:04:44.216000,MM,0.0,3.013,3.013
145,1.10917,1.10901,Dom Maklerski Banku Ochrony Srodowiska S.A.,2019-12-03 17:04:44.322000,2019-12-03 17:04:44.325014,DEMO,ZMQ,EURUSD,MT4,2019-12-03 17:04:44.322000,MM,0.0,3.014,3.014
146,1.10917,1.10901,Dom Maklerski Banku Ochrony Srodowiska S.A.,2019-12-03 17:04:44.432000,2019-12-03 17:04:44.436044,DEMO,ZMQ,EURUSD,MT4,2019-12-03 17:04:44.432000,MM,0.0,4.044,4.044
147,1.10917,1.10901,Dom Maklerski Banku Ochrony Srodowiska S.A.,2019-12-03 17:04:44.542000,2019-12-03 17:04:44.545013,DEMO,ZMQ,EURUSD,MT4,2019-12-03 17:04:44.542000,MM,0.0,3.013,3.013
148,1.10917,1.10901,Dom Maklerski Banku Ochrony Srodowiska S.A.,2019-12-03 17:04:44.654000,2019-12-03 17:04:44.658014,DEMO,ZMQ,EURUSD,MT4,2019-12-03 17:04:44.654000,MM,0.0,4.014,4.014
149,1.10917,1.10901,Dom Maklerski Banku Ochrony Srodowiska S.A.,2019-12-03 17:04:44.765000,2019-12-03 17:04:44.768079,DEMO,ZMQ,EURUSD,MT4,2019-12-03 17:04:44.765000,MM,0.0,3.079,3.079
150,1.10917,1.10901,Dom Maklerski Banku Ochrony Srodowiska S.A.,2019-12-03 17:04:44.873000,2019-12-03 17:04:44.876091,DEMO,ZMQ,EURUSD,MT4,2019-12-03 17:04:44.873000,MM,0.0,3.091,3.091
151,1.10917,1.10901,Dom Maklerski Banku Ochrony Srodowiska S.A.,2019-12-03 17:04:44.983000,2019-12-03 17:04:44.986120,DEMO,ZMQ,EURUSD,MT4,2019-12-03 17:04:44.983000,MM,0.0,3.12,3.12
152,1.10917,1.10901,Dom Maklerski Banku Ochrony Srodowiska S.A.,2019-12-03 17:04:45.088000,2019-12-03 17:04:45.091091,DEMO,ZMQ,EURUSD,MT4,2019-12-03 17:04:45.088000,MM,0.0,3.091,3.091
153,1.10917,1.10901,Dom Maklerski Banku Ochrony Srodowiska S.A.,2019-12-03 17:04:45.200000,2019-12-03 17:04:45.203120,DEMO,ZMQ,EURUSD,MT4,2019-12-03 17:04:45.200000,MM,0.0,3.12,3.12
154,1.10917,1.10901,Dom Maklerski Banku Ochrony Srodowiska S.A.,2019-12-03 17:04:45.312000,2019-12-03 17:04:45.315120,DEMO,ZMQ,EURUSD,MT4,2019-12-03 17:04:45.312000,MM,0.0,3.12,3.12
155,1.10917,1.10901,Dom Maklerski Banku Ochrony Srodowiska S.A.,2019-12-03 17:04:45.420000,2019-12-03 17:04:45.424119,DEMO,ZMQ,EURUSD,MT4,2019-12-03 17:04:45.420000,MM,0.0,4.119,4.119
156,1.10917,1.10901,Dom Maklerski Banku Ochrony Srodowiska S.A.,2019-12-03 17:04:45.529000,2019-12-03 17:04:45.532120,DEMO,ZMQ,EURUSD,MT4,2019-12-03 17:04:45.529000,MM,0.0,3.12,3.12
157,1.10917,1.10901,Dom Maklerski Banku Ochrony Srodowiska S.A.,2019-12-03 17:04:45.640000,2019-12-03 17:04:45.644091,DEMO,ZMQ,EURUSD,MT4,2019-12-03 17:04:45.640000,MM,0.0,4.091,4.091
158,1.10917,1.10901,Dom Maklerski Banku Ochrony Srodowiska S.A.,2019-12-03 17:04:45.748000,2019-12-03 17:04:45.751090,DEMO,ZMQ,EURUSD,MT4,2019-12-03 17:04:45.748000,MM,0.0,3.09,3.09
159,1.10917,1.10901,Dom Maklerski Banku Ochrony Srodowiska S.A.,2019-12-03 17:04:45.859000,2019-12-03 17:04:45.862091,DEMO,ZMQ,EURUSD,MT4,2019-12-03 17:04:45.859000,MM,0.0,3.091,3.091
160,1.10917,1.10901,Dom Maklerski Banku Ochrony Srodowiska S.A.,2019-12-03 17:04:45.969000,2019-12-03 17:04:45.972124,DEMO,ZMQ,EURUSD,MT4,2019-12-03 17:04:45.969000,MM,0.0,3.124,3.124
161,1.10917,1.10901,Dom Maklerski Banku Ochrony Srodowiska S.A.,2019-12-03 17:04:46.075000,2019-12-03 17:04:46.078091,DEMO,ZMQ,EURUSD,MT4,2019-12-03 17:04:46.075000,MM,0.0,3.091,3.091
162,1.10917,1.10901,Dom Maklerski Banku Ochrony Srodowiska S.A.,2019-12-03 17:04:46.185000,2019-12-03 17:04:46.189121,DEMO,ZMQ,EURUSD,MT4,2019-12-03 17:04:46.185000,MM,0.0,4.121,4.121
163,1.10917,1.10901,Dom Maklerski Banku Ochrony Srodowiska S.A.,2019-12-03 17:04:46.292000,2019-12-03 17:04:46.295120,DEMO,ZMQ,EURUSD,MT4,2019-12-03 17:04:46.292000,MM,0.0,3.12,3.12
164,1.10917,1.10901,Dom Maklerski Banku Ochrony Srodowiska S.A.,2019-12-03 17:04:46.404000,2019-12-03 17:04:46.407091,DEMO,ZMQ,EURUSD,MT4,2019-12-03 17:04:46.404000,MM,0.0,3.091,3.091
165,1.10917,1.10901,Dom Maklerski Banku Ochrony Srodowiska S.A.,2019-12-03 17:04:46.512000,2019-12-03 17:04:46.515091,DEMO,ZMQ,EURUSD,MT4,2019-12-03 17:04:46.512000,MM,0.0,3.091,3.091
166,1.10917,1.10901,Dom Maklerski Banku Ochrony Srodowiska S.A.,2019-12-03 17:04:46.620000,2019-12-03 17:04:46.623121,DEMO,ZMQ,EURUSD,MT4,2019-12-03 17:04:46.620000,MM,0.0,3.121,3.121
167,1.10917,1.10901,Dom Maklerski Banku Ochrony Srodowiska S.A.,2019-12-03 17:04:46.732000,2019-12-03 17:04:46.735126,DEMO,ZMQ,EURUSD,MT4,2019-12-03 17:04:46.732000,MM,0.0,3.126,3.126
168,1.10917,1.10901,Dom Maklerski Banku Ochrony Srodowiska S.A.,2019-12-03 17:04:46.841000,2019-12-03 17:04:46.844090,DEMO,ZMQ,EURUSD,MT4,2019-12-03 17:04:46.841000,MM,0.0,3.09,3.09
169,1.10917,1.10901,Dom Maklerski Banku Ochrony Srodowiska S.A.,2019-12-03 17:04:46.954000,2019-12-03 17:04:46.957090,DEMO,ZMQ,EURUSD,MT4,2019-12-03 17:04:46.954000,MM,0.0,3.09,3.09
170,1.10917,1.10901,Dom Maklerski Banku Ochrony Srodowiska S.A.,2019-12-03 17:04:47.060000,2019-12-03 17:04:47.063091,DEMO,ZMQ,EURUSD,MT4,2019-12-03 17:04:47.060000,MM,0.0,3.091,3.091
171,1.10917,1.10901,Dom Maklerski Banku Ochrony Srodowiska S.A.,2019-12-03 17:04:47.166000,2019-12-03 17:04:47.169090,DEMO,ZMQ,EURUSD,MT4,2019-12-03 17:04:47.166000,MM,0.0,3.09,3.09
172,1.10917,1.10901,Dom Maklerski Banku Ochrony Srodowiska S.A.,2019-12-03 17:04:47.276000,2019-12-03 17:04:47.279120,DEMO,ZMQ,EURUSD,MT4,2019-12-03 17:04:47.276000,MM,0.0,3.12,3.12
173,1.10917,1.10901,Dom Maklerski Banku Ochrony Srodowiska S.A.,2019-12-03 17:04:47.392000,2019-12-03 17:04:47.395091,DEMO,ZMQ,EURUSD,MT4,2019-12-03 17:04:47.392000,MM,0.0,3.091,3.091
174,1.10917,1.10901,Dom Maklerski Banku Ochrony Srodowiska S.A.,2019-12-03 17:04:47.498000,2019-12-03 17:04:47.501090,DEMO,ZMQ,EURUSD,MT4,2019-12-03 17:04:47.498000,MM,0.0,3.09,3.09
175,1.10917,1.10901,Dom Maklerski Banku Ochrony Srodowiska S.A.,2019-12-03 17:04:47.606000,2019-12-03 17:04:47.609090,DEMO,ZMQ,EURUSD,MT4,2019-12-03 17:04:47.606000,MM,0.0,3.09,3.09
176,1.10917,1.10901,Dom Maklerski Banku Ochrony Srodowiska S.A.,2019-12-03 17:04:47.715000,2019-12-03 17:04:47.718091,DEMO,ZMQ,EURUSD,MT4,2019-12-03 17:04:47.715000,MM,0.0,3.091,3.091
177,1.10917,1.10901,Dom Maklerski Banku Ochrony Srodowiska S.A.,2019-12-03 17:04:47.825000,2019-12-03 17:04:47.828119,DEMO,ZMQ,EURUSD,MT4,2019-12-03 17:04:47.825000,MM,0.0,3.119,3.119
178,1.10917,1.10901,Dom Maklerski Banku Ochrony Srodowiska S.A.,2019-12-03 17:04:47.937000,2019-12-03 17:04:47.940119,DEMO,ZMQ,EURUSD,MT4,2019-12-03 17:04:47.937000,MM,0.0,3.119,3.119
179,1.10917,1.10901,Dom Maklerski Banku Ochrony Srodowiska S.A.,2019-12-03 17:04:48.042000,2019-12-03 17:04:48.045116,DEMO,ZMQ,EURUSD,MT4,2019-12-03 17:04:48.042000,MM,0.0,3.116,3.116
180,1.10917,1.10901,Dom Maklerski Banku Ochrony Srodowiska S.A.,2019-12-03 17:04:48.158000,2019-12-03 17:04:48.161123,DEMO,ZMQ,EURUSD,MT4,2019-12-03 17:04:48.158000,MM,0.0,3.123,3.123
181,1.10917,1.10901,Dom Maklerski Banku Ochrony Srodowiska S.A.,2019-12-03 17:04:48.268000,2019-12-03 17:04:48.272092,DEMO,ZMQ,EURUSD,MT4,2019-12-03 17:04:48.268000,MM,0.0,4.092,4.092
182,1.10917,1.10901,Dom Maklerski Banku Ochrony Srodowiska S.A.,2019-12-03 17:04:48.369000,2019-12-03 17:04:48.373090,DEMO,ZMQ,EURUSD,MT4,2019-12-03 17:04:48.369000,MM,0.0,4.09,4.09
183,1.10917,1.10901,Dom Maklerski Banku Ochrony Srodowiska S.A.,2019-12-03 17:04:48.482000,2019-12-03 17:04:48.485091,DEMO,ZMQ,EURUSD,MT4,2019-12-03 17:04:48.482000,MM,0.0,3.091,3.091
184,1.10917,1.10901,Dom Maklerski Banku Ochrony Srodowiska S.A.,2019-12-03 17:04:48.589000,2019-12-03 17:04:48.592091,DEMO,ZMQ,EURUSD,MT4,2019-12-03 17:04:48.589000,MM,0.0,3.091,3.091
185,1.10917,1.10901,Dom Maklerski Banku Ochrony Srodowiska S.A.,2019-12-03 17:04:48.700000,2019-12-03 17:04:48.704110,DEMO,ZMQ,EURUSD,MT4,2019-12-03 17:04:48.700000,MM,0.0,4.11,4.11
186,1.10917,1.10901,Dom Maklerski Banku Ochrony Srodowiska S.A.,2019-12-03 17:04:48.810000,2019-12-03 17:04:48.813091,DEMO,ZMQ,EURUSD,MT4,2019-12-03 17:04:48.810000,MM,0.0,3.091,3.091
187,1.10917,1.10901,Dom Maklerski Banku Ochrony Srodowiska S.A.,2019-12-03 17:04:48.921000,2019-12-03 17:04:48.924090,DEMO,ZMQ,EURUSD,MT4,2019-12-03 17:04:48.921000,MM,0.0,3.09,3.09
188,1.10917,1.10901,Dom Maklerski Banku Ochrony Srodowiska S.A.,2019-12-03 17:04:49.027000,2019-12-03 17:04:49.031116,DEMO,ZMQ,EURUSD,MT4,2019-12-03 17:04:49.027000,MM,0.0,4.116,4.116
189,1.10917,1.10901,Dom Maklerski Banku Ochrony Srodowiska S.A.,2019-12-03 17:04:49.170000,2019-12-03 17:04:49.174091,DEMO,ZMQ,EURUSD,MT4,2019-12-03 17:04:49.170000,MM,0.0,4.091,4.091
190,1.10917,1.10901,Dom Maklerski Banku Ochrony Srodowiska S.A.,2019-12-03 17:04:49.248000,2019-12-03 17:04:49.251091,DEMO,ZMQ,EURUSD,MT4,2019-12-03 17:04:49.248000,MM,0.0,3.091,3.091
191,1.10917,1.10901,Dom Maklerski Banku Ochrony Srodowiska S.A.,2019-12-03 17:04:49.356000,2019-12-03 17:04:49.360090,DEMO,ZMQ,EURUSD,MT4,2019-12-03 17:04:49.356000,MM,0.0,4.09,4.09
192,1.10917,1.10901,Dom Maklerski Banku Ochrony Srodowiska S.A.,2019-12-03 17:04:49.463000,2019-12-03 17:04:49.467092,DEMO,ZMQ,EURUSD,MT4,2019-12-03 17:04:49.463000,MM,0.0,4.092,4.092
193,1.10917,1.10901,Dom Maklerski Banku Ochrony Srodowiska S.A.,2019-12-03 17:04:49.572000,2019-12-03 17:04:49.575091,DEMO,ZMQ,EURUSD,MT4,2019-12-03 17:04:49.572000,MM,0.0,3.091,3.091
194,1.10917,1.10901,Dom Maklerski Banku Ochrony Srodowiska S.A.,2019-12-03 17:04:49.683000,2019-12-03 17:04:49.687091,DEMO,ZMQ,EURUSD,MT4,2019-12-03 17:04:49.683000,MM,0.0,4.091,4.091
195,1.10917,1.10901,Dom Maklerski Banku Ochrony Srodowiska S.A.,2019-12-03 17:04:49.795000,2019-12-03 17:04:49.801094,DEMO,ZMQ,EURUSD,MT4,2019-12-03 17:04:49.795000,MM,0.0,6.094,6.094
196,1.10917,1.10901,Dom Maklerski Banku Ochrony Srodowiska S.A.,2019-12-03 17:04:49.901000,2019-12-03 17:04:49.904091,DEMO,ZMQ,EURUSD,MT4,2019-12-03 17:04:49.901000,MM,0.0,3.091,3.091
197,1.10917,1.10901,Dom Maklerski Banku Ochrony Srodowiska S.A.,2019-12-03 17:04:50.011000,2019-12-03 17:04:50.014091,DEMO,ZMQ,EURUSD,MT4,2019-12-03 17:04:50.011000,MM,0.0,3.091,3.091
198,1.10917,1.10901,Dom Maklerski Banku Ochrony Srodowiska S.A.,2019-12-03 17:04:50.120000,2019-12-03 17:04:50.125093,DEMO,ZMQ,EURUSD,MT4,2019-12-03 17:04:50.120000,MM,0.0,5.093,5.093
199,1.10917,1.10901,Dom Maklerski Banku Ochrony Srodowiska S.A.,2019-12-03 17:04:50.232000,2019-12-03 17:04:50.236091,DEMO,ZMQ,EURUSD,MT4,2019-12-03 17:04:50.232000,MM,0.0,4.091,4.091
200,1.10917,1.10901,Dom Maklerski Banku Ochrony Srodowiska S.A.,2019-12-03 17:04:50.343000,2019-12-03 17:04:50.346118,DEMO,ZMQ,EURUSD,MT4,2019-12-03 17:04:50.343000,MM,0.0,3.118,3.118
201,1.10917,1.10901,Dom Maklerski Banku Ochrony Srodowiska S.A.,2019-12-03 17:04:50.449000,2019-12-03 17:04:50.453091,DEMO,ZMQ,EURUSD,MT4,2019-12-03 17:04:50.449000,MM,0.0,4.091,4.091
202,1.10917,1.10901,Dom Maklerski Banku Ochrony Srodowiska S.A.,2019-12-03 17:04:50.561000,2019-12-03 17:04:50.564090,DEMO,ZMQ,EURUSD,MT4,2019-12-03 17:04:50.561000,MM,0.0,3.09,3.09
203,1.10917,1.10901,Dom Maklerski Banku Ochrony Srodowiska S.A.,2019-12-03 17:04:50.667000,2019-12-03 17:04:50.670091,DEMO,ZMQ,EURUSD,MT4,2019-12-03 17:04:50.667000,MM,0.0,3.091,3.091
204,1.10917,1.10901,Dom Maklerski Banku Ochrony Srodowiska S.A.,2019-12-03 17:04:50.777000,2019-12-03 17:04:50.781091,DEMO,ZMQ,EURUSD,MT4,2019-12-03 17:04:50.777000,MM,0.0,4.091,4.091
205,1.10917,1.10901,Dom Maklerski Banku Ochrony Srodowiska S.A.,2019-12-03 17:04:50.886000,2019-12-03 17:04:50.889120,DEMO,ZMQ,EURUSD,MT4,2019-12-03 17:04:50.886000,MM,0.0,3.12,3.12
206,1.10917,1.10901,Dom Maklerski Banku Ochrony Srodowiska S.A.,2019-12-03 17:04:50.998000,2019-12-03 17:04:51.001116,DEMO,ZMQ,EURUSD,MT4,2019-12-03 17:04:50.998000,MM,0.0,3.116,3.116
207,1.10917,1.10901,Dom Maklerski Banku Ochrony Srodowiska S.A.,2019-12-03 17:04:51.105000,2019-12-03 17:04:51.108120,DEMO,ZMQ,EURUSD,MT4,2019-12-03 17:04:51.105000,MM,0.0,3.12,3.12
208,1.10917,1.10901,Dom Maklerski Banku Ochrony Srodowiska S.A.,2019-12-03 17:04:51.219000,2019-12-03 17:04:51.222091,DEMO,ZMQ,EURUSD,MT4,2019-12-03 17:04:51.219000,MM,0.0,3.091,3.091
209,1.10917,1.10901,Dom Maklerski Banku Ochrony Srodowiska S.A.,2019-12-03 17:04:51.324000,2019-12-03 17:04:51.327091,DEMO,ZMQ,EURUSD,MT4,2019-12-03 17:04:51.324000,MM,0.0,3.091,3.091
210,1.10917,1.10901,Dom Maklerski Banku Ochrony Srodowiska S.A.,2019-12-03 17:04:51.433000,2019-12-03 17:04:51.437090,DEMO,ZMQ,EURUSD,MT4,2019-12-03 17:04:51.433000,MM,0.0,4.09,4.09
211,1.10917,1.10901,Dom Maklerski Banku Ochrony Srodowiska S.A.,2019-12-03 17:04:51.541000,2019-12-03 17:04:51.544091,DEMO,ZMQ,EURUSD,MT4,2019-12-03 17:04:51.541000,MM,0.0,3.091,3.091
212,1.10913,1.10897,Dom Maklerski Banku Ochrony Srodowiska S.A.,2019-12-03 17:04:51.676000,2019-12-03 17:04:51.680091,DEMO,ZMQ,EURUSD,MT4,2019-12-03 17:04:51.676000,MM,0.0,4.091,4.091
213,1.10913,1.10897,Dom Maklerski Banku Ochrony Srodowiska S.A.,2019-12-03 17:04:51.705000,2019-12-03 17:04:51.709120,DEMO,ZMQ,EURUSD,MT4,2019-12-03 17:04:51.705000,MM,0.0,4.12,4.12
214,1.10913,1.10897,Dom Maklerski Banku Ochrony Srodowiska S.A.,2019-12-03 17:04:51.765000,2019-12-03 17:04:51.769091,DEMO,ZMQ,EURUSD,MT4,2019-12-03 17:04:51.765000,MM,0.0,4.091,4.091
215,1.10913,1.10897,Dom Maklerski Banku Ochrony Srodowiska S.A.,2019-12-03 17:04:51.875000,2019-12-03 17:04:51.879091,DEMO,ZMQ,EURUSD,MT4,2019-12-03 17:04:51.875000,MM,0.0,4.091,4.091
216,1.10913,1.10897,Dom Maklerski Banku Ochrony Srodowiska S.A.,2019-12-03 17:04:51.989000,2019-12-03 17:04:51.993121,DEMO,ZMQ,EURUSD,MT4,2019-12-03 17:04:51.989000,MM,0.0,4.121,4.121
217,1.10913,1.10897,Dom Maklerski Banku Ochrony Srodowiska S.A.,2019-12-03 17:04:52.090000,2019-12-03 17:04:52.093091,DEMO,ZMQ,EURUSD,MT4,2019-12-03 17:04:52.090000,MM,0.0,3.091,3.091
218,1.10913,1.10897,Dom Maklerski Banku Ochrony Srodowiska S.A.,2019-12-03 17:04:52.198000,2019-12-03 17:04:52.201091,DEMO,ZMQ,EURUSD,MT4,2019-12-03 17:04:52.198000,MM,0.0,3.091,3.091
219,1.10913,1.10897,Dom Maklerski Banku Ochrony Srodowiska S.A.,2019-12-03 17:04:52.310000,2019-12-03 17:04:52.313091,DEMO,ZMQ,EURUSD,MT4,2019-12-03 17:04:52.310000,MM,0.0,3.091,3.091
220,1.10913,1.10897,Dom Maklerski Banku Ochrony Srodowiska S.A.,2019-12-03 17:04:52.422000,2019-12-03 17:04:52.425091,DEMO,ZMQ,EURUSD,MT4,2019-12-03 17:04:52.422000,MM,0.0,3.091,3.091
221,1.10913,1.10897,Dom Maklerski Banku Ochrony Srodowiska S.A.,2019-12-03 17:04:52.532000,2019-12-03 17:04:52.536091,DEMO,ZMQ,EURUSD,MT4,2019-12-03 17:04:52.532000,MM,0.0,4.091,4.091
222,1.10913,1.10897,Dom Maklerski Banku Ochrony Srodowiska S.A.,2019-12-03 17:04:52.636000,2019-12-03 17:04:52.640091,DEMO,ZMQ,EURUSD,MT4,2019-12-03 17:04:52.636000,MM,0.0,4.091,4.091
223,1.10913,1.10897,Dom Maklerski Banku Ochrony Srodowiska S.A.,2019-12-03 17:04:52.745000,2019-12-03 17:04:52.748090,DEMO,ZMQ,EURUSD,MT4,2019-12-03 17:04:52.745000,MM,0.0,3.09,3.09
224,1.10913,1.10897,Dom Maklerski Banku Ochrony Srodowiska S.A.,2019-12-03 17:04:52.854000,2019-12-03 17:04:52.857117,DEMO,ZMQ,EURUSD,MT4,2019-12-03 17:04:52.854000,MM,0.0,3.117,3.117
225,1.10913,1.10897,Dom Maklerski Banku Ochrony Srodowiska S.A.,2019-12-03 17:04:52.964000,2019-12-03 17:04:52.967091,DEMO,ZMQ,EURUSD,MT4,2019-12-03 17:04:52.964000,MM,0.0,3.091,3.091
226,1.10913,1.10897,Dom Maklerski Banku Ochrony Srodowiska S.A.,2019-12-03 17:04:53.076000,2019-12-03 17:04:53.079091,DEMO,ZMQ,EURUSD,MT4,2019-12-03 17:04:53.076000,MM,0.0,3.091,3.091
227,1.10913,1.10897,Dom Maklerski Banku Ochrony Srodowiska S.A.,2019-12-03 17:04:53.182000,2019-12-03 17:04:53.185121,DEMO,ZMQ,EURUSD,MT4,2019-12-03 17:04:53.182000,MM,0.0,3.121,3.121
228,1.10913,1.10897,Dom Maklerski Banku Ochrony Srodowiska S.A.,2019-12-03 17:04:53.296000,2019-12-03 17:04:53.299090,DEMO,ZMQ,EURUSD,MT4,2019-12-03 17:04:53.296000,MM,0.0,3.09,3.09
229,1.10913,1.10897,Dom Maklerski Banku Ochrony Srodowiska S.A.,2019-12-03 17:04:53.410000,2019-12-03 17:04:53.414092,DEMO,ZMQ,EURUSD,MT4,2019-12-03 17:04:53.410000,MM,0.0,4.092,4.092
230,1.10913,1.10897,Dom Maklerski Banku Ochrony Srodowiska S.A.,2019-12-03 17:04:53.513000,2019-12-03 17:04:53.523121,DEMO,ZMQ,EURUSD,MT4,2019-12-03 17:04:53.513000,MM,0.0,10.121,10.121
231,1.10913,1.10897,Dom Maklerski Banku Ochrony Srodowiska S.A.,2019-12-03 17:04:53.621000,2019-12-03 17:04:53.624091,DEMO,ZMQ,EURUSD,MT4,2019-12-03 17:04:53.621000,MM,0.0,3.091,3.091
232,1.10913,1.10897,Dom Maklerski Banku Ochrony Srodowiska S.A.,2019-12-03 17:04:53.731000,2019-12-03 17:04:53.735091,DEMO,ZMQ,EURUSD,MT4,2019-12-03 17:04:53.731000,MM,0.0,4.091,4.091
233,1.10913,1.10897,Dom Maklerski Banku Ochrony Srodowiska S.A.,2019-12-03 17:04:53.839000,2019-12-03 17:04:53.842091,DEMO,ZMQ,EURUSD,MT4,2019-12-03 17:04:53.839000,MM,0.0,3.091,3.091
234,1.10913,1.10897,Dom Maklerski Banku Ochrony Srodowiska S.A.,2019-12-03 17:04:53.950000,2019-12-03 17:04:53.953091,DEMO,ZMQ,EURUSD,MT4,2019-12-03 17:04:53.950000,MM,0.0,3.091,3.091
235,1.10913,1.10897,Dom Maklerski Banku Ochrony Srodowiska S.A.,2019-12-03 17:04:54.062000,2019-12-03 17:04:54.065116,DEMO,ZMQ,EURUSD,MT4,2019-12-03 17:04:54.062000,MM,0.0,3.116,3.116
236,1.10913,1.10897,Dom Maklerski Banku Ochrony Srodowiska S.A.,2019-12-03 17:04:54.167000,2019-12-03 17:04:54.171114,DEMO,ZMQ,EURUSD,MT4,2019-12-03 17:04:54.167000,MM,0.0,4.114,4.114
237,1.10913,1.10897,Dom Maklerski Banku Ochrony Srodowiska S.A.,2019-12-03 17:04:54.282000,2019-12-03 17:04:54.285121,DEMO,ZMQ,EURUSD,MT4,2019-12-03 17:04:54.282000,MM,0.0,3.121,3.121
238,1.10913,1.10897,Dom Maklerski Banku Ochrony Srodowiska S.A.,2019-12-03 17:04:54.388000,2019-12-03 17:04:54.392091,DEMO,ZMQ,EURUSD,MT4,2019-12-03 17:04:54.388000,MM,0.0,4.091,4.091
239,1.10913,1.10897,Dom Maklerski Banku Ochrony Srodowiska S.A.,2019-12-03 17:04:54.498000,2019-12-03 17:04:54.502091,DEMO,ZMQ,EURUSD,MT4,2019-12-03 17:04:54.498000,MM,0.0,4.091,4.091
240,1.10913,1.10897,Dom Maklerski Banku Ochrony Srodowiska S.A.,2019-12-03 17:04:54.603000,2019-12-03 17:04:54.606090,DEMO,ZMQ,EURUSD,MT4,2019-12-03 17:04:54.603000,MM,0.0,3.09,3.09
241,1.10913,1.10897,Dom Maklerski Banku Ochrony Srodowiska S.A.,2019-12-03 17:04:54.716000,2019-12-03 17:04:54.719090,DEMO,ZMQ,EURUSD,MT4,2019-12-03 17:04:54.716000,MM,0.0,3.09,3.09
242,1.10913,1.10897,Dom Maklerski Banku Ochrony Srodowiska S.A.,2019-12-03 17:04:54.823000,2019-12-03 17:04:54.826090,DEMO,ZMQ,EURUSD,MT4,2019-12-03 17:04:54.823000,MM,0.0,3.09,3.09
243,1.10913,1.10897,Dom Maklerski Banku Ochrony Srodowiska S.A.,2019-12-03 17:04:54.934000,2019-12-03 17:04:54.937091,DEMO,ZMQ,EURUSD,MT4,2019-12-03 17:04:54.934000,MM,0.0,3.091,3.091
244,1.10913,1.10897,Dom Maklerski Banku Ochrony Srodowiska S.A.,2019-12-03 17:04:55.042000,2019-12-03 17:04:55.045091,DEMO,ZMQ,EURUSD,MT4,2019-12-03 17:04:55.042000,MM,0.0,3.091,3.091
245,1.10913,1.10897,Dom Maklerski Banku Ochrony Srodowiska S.A.,2019-12-03 17:04:55.164000,2019-12-03 17:04:55.169094,DEMO,ZMQ,EURUSD,MT4,2019-12-03 17:04:55.164000,MM,0.0,5.094,5.094
246,1.10913,1.10897,Dom Maklerski Banku Ochrony Srodowiska S.A.,2019-12-03 17:04:55.264000,2019-12-03 17:04:55.268089,DEMO,ZMQ,EURUSD,MT4,2019-12-03 17:04:55.264000,MM,0.0,4.089,4.089
247,1.10913,1.10897,Dom Maklerski Banku Ochrony Srodowiska S.A.,2019-12-03 17:04:55.370000,2019-12-03 17:04:55.373089,DEMO,ZMQ,EURUSD,MT4,2019-12-03 17:04:55.370000,MM,0.0,3.089,3.089
248,1.10913,1.10897,Dom Maklerski Banku Ochrony Srodowiska S.A.,2019-12-03 17:04:55.479000,2019-12-03 17:04:55.482091,DEMO,ZMQ,EURUSD,MT4,2019-12-03 17:04:55.479000,MM,0.0,3.091,3.091
249,1.10913,1.10897,Dom Maklerski Banku Ochrony Srodowiska S.A.,2019-12-03 17:04:55.591000,2019-12-03 17:04:55.594091,DEMO,ZMQ,EURUSD,MT4,2019-12-03 17:04:55.591000,MM,0.0,3.091,3.091
250,1.10913,1.10897,Dom Maklerski Banku Ochrony Srodowiska S.A.,2019-12-03 17:04:55.697000,2019-12-03 17:04:55.701091,DEMO,ZMQ,EURUSD,MT4,2019-12-03 17:04:55.697000,MM,0.0,4.091,4.091
251,1.10913,1.10897,Dom Maklerski Banku Ochrony Srodowiska S.A.,2019-12-03 17:04:55.808000,2019-12-03 17:04:55.812091,DEMO,ZMQ,EURUSD,MT4,2019-12-03 17:04:55.808000,MM,0.0,4.091,4.091
252,1.10913,1.10897,Dom Maklerski Banku Ochrony Srodowiska S.A.,2019-12-03 17:04:55.918000,2019-12-03 17:04:55.921091,DEMO,ZMQ,EURUSD,MT4,2019-12-03 17:04:55.918000,MM,0.0,3.091,3.091
253,1.10913,1.10897,Dom Maklerski Banku Ochrony Srodowiska S.A.,2019-12-03 17:04:56.026000,2019-12-03 17:04:56.029089,DEMO,ZMQ,EURUSD,MT4,2019-12-03 17:04:56.026000,MM,0.0,3.089,3.089
254,1.10913,1.10897,Dom Maklerski Banku Ochrony Srodowiska S.A.,2019-12-03 17:04:56.138000,2019-12-03 17:04:56.141090,DEMO,ZMQ,EURUSD,MT4,2019-12-03 17:04:56.138000,MM,0.0,3.09,3.09
255,1.10913,1.10897,Dom Maklerski Banku Ochrony Srodowiska S.A.,2019-12-03 17:04:56.248000,2019-12-03 17:04:56.251091,DEMO,ZMQ,EURUSD,MT4,2019-12-03 17:04:56.248000,MM,0.0,3.091,3.091
256,1.10913,1.10897,Dom Maklerski Banku Ochrony Srodowiska S.A.,2019-12-03 17:04:56.355000,2019-12-03 17:04:56.359092,DEMO,ZMQ,EURUSD,MT4,2019-12-03 17:04:56.355000,MM,0.0,4.092,4.092
257,1.10913,1.10897,Dom Maklerski Banku Ochrony Srodowiska S.A.,2019-12-03 17:04:56.463000,2019-12-03 17:04:56.466090,DEMO,ZMQ,EURUSD,MT4,2019-12-03 17:04:56.463000,MM,0.0,3.09,3.09
258,1.10913,1.10897,Dom Maklerski Banku Ochrony Srodowiska S.A.,2019-12-03 17:04:56.575000,2019-12-03 17:04:56.578091,DEMO,ZMQ,EURUSD,MT4,2019-12-03 17:04:56.575000,MM,0.0,3.091,3.091
259,1.10913,1.10897,Dom Maklerski Banku Ochrony Srodowiska S.A.,2019-12-03 17:04:56.683000,2019-12-03 17:04:56.687091,DEMO,ZMQ,EURUSD,MT4,2019-12-03 17:04:56.683000,MM,0.0,4.091,4.091
260,1.10913,1.10897,Dom Maklerski Banku Ochrony Srodowiska S.A.,2019-12-03 17:04:56.794000,2019-12-03 17:04:56.797090,DEMO,ZMQ,EURUSD,MT4,2019-12-03 17:04:56.794000,MM,0.0,3.09,3.09
261,1.10913,1.10897,Dom Maklerski Banku Ochrony Srodowiska S.A.,2019-12-03 17:04:56.913000,2019-12-03 17:04:56.916090,DEMO,ZMQ,EURUSD,MT4,2019-12-03 17:04:56.913000,MM,0.0,3.09,3.09
262,1.10913,1.10897,Dom Maklerski Banku Ochrony Srodowiska S.A.,2019-12-03 17:04:57.011000,2019-12-03 17:04:57.014091,DEMO,ZMQ,EURUSD,MT4,2019-12-03 17:04:57.011000,MM,0.0,3.091,3.091
263,1.10913,1.10897,Dom Maklerski Banku Ochrony Srodowiska S.A.,2019-12-03 17:04:57.120000,2019-12-03 17:04:57.123091,DEMO,ZMQ,EURUSD,MT4,2019-12-03 17:04:57.120000,MM,0.0,3.091,3.091
264,1.10913,1.10897,Dom Maklerski Banku Ochrony Srodowiska S.A.,2019-12-03 17:04:57.232000,2019-12-03 17:04:57.235091,DEMO,ZMQ,EURUSD,MT4,2019-12-03 17:04:57.232000,MM,0.0,3.091,3.091
265,1.10913,1.10897,Dom Maklerski Banku Ochrony Srodowiska S.A.,2019-12-03 17:04:57.338000,2019-12-03 17:04:57.344091,DEMO,ZMQ,EURUSD,MT4,2019-12-03 17:04:57.338000,MM,0.0,6.091,6.091
266,1.10913,1.10897,Dom Maklerski Banku Ochrony Srodowiska S.A.,2019-12-03 17:04:57.454000,2019-12-03 17:04:57.457091,DEMO,ZMQ,EURUSD,MT4,2019-12-03 17:04:57.454000,MM,0.0,3.091,3.091
267,1.10913,1.10897,Dom Maklerski Banku Ochrony Srodowiska S.A.,2019-12-03 17:04:57.560000,2019-12-03 17:04:57.564090,DEMO,ZMQ,EURUSD,MT4,2019-12-03 17:04:57.560000,MM,0.0,4.09,4.09
268,1.10913,1.10897,Dom Maklerski Banku Ochrony Srodowiska S.A.,2019-12-03 17:04:57.671000,2019-12-03 17:04:57.675091,DEMO,ZMQ,EURUSD,MT4,2019-12-03 17:04:57.671000,MM,0.0,4.091,4.091
269,1.10913,1.10897,Dom Maklerski Banku Ochrony Srodowiska S.A.,2019-12-03 17:04:57.777000,2019-12-03 17:04:57.780090,DEMO,ZMQ,EURUSD,MT4,2019-12-03 17:04:57.777000,MM,0.0,3.09,3.09
270,1.10913,1.10897,Dom Maklerski Banku Ochrony Srodowiska S.A.,2019-12-03 17:04:57.888000,2019-12-03 17:04:57.891091,DEMO,ZMQ,EURUSD,MT4,2019-12-03 17:04:57.888000,MM,0.0,3.091,3.091
271,1.10913,1.10897,Dom Maklerski Banku Ochrony Srodowiska S.A.,2019-12-03 17:04:57.997000,2019-12-03 17:04:58.000091,DEMO,ZMQ,EURUSD,MT4,2019-12-03 17:04:57.997000,MM,0.0,3.091,3.091
272,1.10913,1.10897,Dom Maklerski Banku Ochrony Srodowiska S.A.,2019-12-03 17:04:58.104000,2019-12-03 17:04:58.107091,DEMO,ZMQ,EURUSD,MT4,2019-12-03 17:04:58.104000,MM,0.0,3.091,3.091
273,1.10913,1.10897,Dom Maklerski Banku Ochrony Srodowiska S.A.,2019-12-03 17:04:58.216000,2019-12-03 17:04:58.221092,DEMO,ZMQ,EURUSD,MT4,2019-12-03 17:04:58.216000,MM,0.0,5.092,5.092
274,1.10913,1.10897,Dom Maklerski Banku Ochrony Srodowiska S.A.,2019-12-03 17:04:58.328000,2019-12-03 17:04:58.332090,DEMO,ZMQ,EURUSD,MT4,2019-12-03 17:04:58.328000,MM,0.0,4.09,4.09
275,1.10913,1.10897,Dom Maklerski Banku Ochrony Srodowiska S.A.,2019-12-03 17:04:58.436000,2019-12-03 17:04:58.439091,DEMO,ZMQ,EURUSD,MT4,2019-12-03 17:04:58.436000,MM,0.0,3.091,3.091
276,1.10913,1.10897,Dom Maklerski Banku Ochrony Srodowiska S.A.,2019-12-03 17:04:58.542000,2019-12-03 17:04:58.545089,DEMO,ZMQ,EURUSD,MT4,2019-12-03 17:04:58.542000,MM,0.0,3.089,3.089
277,1.10913,1.10897,Dom Maklerski Banku Ochrony Srodowiska S.A.,2019-12-03 17:04:58.660000,2019-12-03 17:04:58.664089,DEMO,ZMQ,EURUSD,MT4,2019-12-03 17:04:58.660000,MM,0.0,4.089,4.089
278,1.10913,1.10897,Dom Maklerski Banku Ochrony Srodowiska S.A.,2019-12-03 17:04:58.763000,2019-12-03 17:04:58.766089,DEMO,ZMQ,EURUSD,MT4,2019-12-03 17:04:58.763000,MM,0.0,3.089,3.089
279,1.10913,1.10897,Dom Maklerski Banku Ochrony Srodowiska S.A.,2019-12-03 17:04:58.875000,2019-12-03 17:04:58.878091,DEMO,ZMQ,EURUSD,MT4,2019-12-03 17:04:58.875000,MM,0.0,3.091,3.091
280,1.10913,1.10897,Dom Maklerski Banku Ochrony Srodowiska S.A.,2019-12-03 17:04:58.981000,2019-12-03 17:04:58.985089,DEMO,ZMQ,EURUSD,MT4,2019-12-03 17:04:58.981000,MM,0.0,4.089,4.089
281,1.10913,1.10897,Dom Maklerski Banku Ochrony Srodowiska S.A.,2019-12-03 17:04:59.093000,2019-12-03 17:04:59.097091,DEMO,ZMQ,EURUSD,MT4,2019-12-03 17:04:59.093000,MM,0.0,4.091,4.091
282,1.10913,1.10897,Dom Maklerski Banku Ochrony Srodowiska S.A.,2019-12-03 17:04:59.199000,2019-12-03 17:04:59.202090,DEMO,ZMQ,EURUSD,MT4,2019-12-03 17:04:59.199000,MM,0.0,3.09,3.09
283,1.10913,1.10897,Dom Maklerski Banku Ochrony Srodowiska S.A.,2019-12-03 17:04:59.309000,2019-12-03 17:04:59.312121,DEMO,ZMQ,EURUSD,MT4,2019-12-03 17:04:59.309000,MM,0.0,3.121,3.121
284,1.10913,1.10897,Dom Maklerski Banku Ochrony Srodowiska S.A.,2019-12-03 17:04:59.416000,2019-12-03 17:04:59.419121,DEMO,ZMQ,EURUSD,MT4,2019-12-03 17:04:59.416000,MM,0.0,3.121,3.121
285,1.10913,1.10897,Dom Maklerski Banku Ochrony Srodowiska S.A.,2019-12-03 17:04:59.526000,2019-12-03 17:04:59.529091,DEMO,ZMQ,EURUSD,MT4,2019-12-03 17:04:59.526000,MM,0.0,3.091,3.091
286,1.10913,1.10897,Dom Maklerski Banku Ochrony Srodowiska S.A.,2019-12-03 17:04:59.635000,2019-12-03 17:04:59.639091,DEMO,ZMQ,EURUSD,MT4,2019-12-03 17:04:59.635000,MM,0.0,4.091,4.091
287,1.10913,1.10897,Dom Maklerski Banku Ochrony Srodowiska S.A.,2019-12-03 17:04:59.744000,2019-12-03 17:04:59.747091,DEMO,ZMQ,EURUSD,MT4,2019-12-03 17:04:59.744000,MM,0.0,3.091,3.091
288,1.10913,1.10897,Dom Maklerski Banku Ochrony Srodowiska S.A.,2019-12-03 17:04:59.855000,2019-12-03 17:04:59.859089,DEMO,ZMQ,EURUSD,MT4,2019-12-03 17:04:59.855000,MM,0.0,4.089,4.089
289,1.10913,1.10897,Dom Maklerski Banku Ochrony Srodowiska S.A.,2019-12-03 17:04:59.964000,2019-12-03 17:04:59.967091,DEMO,ZMQ,EURUSD,MT4,2019-12-03 17:04:59.964000,MM,0.0,3.091,3.091
290,1.10913,1.10897,Dom Maklerski Banku Ochrony Srodowiska S.A.,2019-12-03 17:05:00.077000,2019-12-03 17:05:00.081091,DEMO,ZMQ,EURUSD,MT4,2019-12-03 17:05:00.077000,MM,0.0,4.091,4.091
291,1.10913,1.10897,Dom Maklerski Banku Ochrony Srodowiska S.A.,2019-12-03 17:05:00.184000,2019-12-03 17:05:00.188091,DEMO,ZMQ,EURUSD,MT4,2019-12-03 17:05:00.184000,MM,0.0,4.091,4.091
292,1.10913,1.10897,Dom Maklerski Banku Ochrony Srodowiska S.A.,2019-12-03 17:05:00.292000,2019-12-03 17:05:00.295091,DEMO,ZMQ,EURUSD,MT4,2019-12-03 17:05:00.292000,MM,0.0,3.091,3.091
293,1.10913,1.10897,Dom Maklerski Banku Ochrony Srodowiska S.A.,2019-12-03 17:05:00.412000,2019-12-03 17:05:00.415114,DEMO,ZMQ,EURUSD,MT4,2019-12-03 17:05:00.412000,MM,0.0,3.114,3.114
294,1.10913,1.10897,Dom Maklerski Banku Ochrony Srodowiska S.A.,2019-12-03 17:05:00.511000,2019-12-03 17:05:00.515091,DEMO,ZMQ,EURUSD,MT4,2019-12-03 17:05:00.511000,MM,0.0,4.091,4.091
295,1.10913,1.10897,Dom Maklerski Banku Ochrony Srodowiska S.A.,2019-12-03 17:05:00.622000,2019-12-03 17:05:00.626091,DEMO,ZMQ,EURUSD,MT4,2019-12-03 17:05:00.622000,MM,0.0,4.091,4.091
296,1.10913,1.10897,Dom Maklerski Banku Ochrony Srodowiska S.A.,2019-12-03 17:05:00.733000,2019-12-03 17:05:00.736091,DEMO,ZMQ,EURUSD,MT4,2019-12-03 17:05:00.733000,MM,0.0,3.091,3.091
297,1.10913,1.10897,Dom Maklerski Banku Ochrony Srodowiska S.A.,2019-12-03 17:05:00.838000,2019-12-03 17:05:00.841091,DEMO,ZMQ,EURUSD,MT4,2019-12-03 17:05:00.838000,MM,0.0,3.091,3.091
298,1.10913,1.10897,Dom Maklerski Banku Ochrony Srodowiska S.A.,2019-12-03 17:05:00.950000,2019-12-03 17:05:00.954091,DEMO,ZMQ,EURUSD,MT4,2019-12-03 17:05:00.950000,MM,0.0,4.091,4.091
299,1.10913,1.10897,Dom Maklerski Banku Ochrony Srodowiska S.A.,2019-12-03 17:05:01.061000,2019-12-03 17:05:01.065091,DEMO,ZMQ,EURUSD,MT4,2019-12-03 17:05:01.061000,MM,0.0,4.091,4.091
300,1.10913,1.10897,Dom Maklerski Banku Ochrony Srodowiska S.A.,2019-12-03 17:05:01.167000,2019-12-03 17:05:01.170091,DEMO,ZMQ,EURUSD,MT4,2019-12-03 17:05:01.167000,MM,0.0,3.091,3.091
301,1.10913,1.10897,Dom Maklerski Banku Ochrony Srodowiska S.A.,2019-12-03 17:05:01.277000,2019-12-03 17:05:01.280090,DEMO,ZMQ,EURUSD,MT4,2019-12-03 17:05:01.277000,MM,0.0,3.09,3.09
302,1.10913,1.10897,Dom Maklerski Banku Ochrony Srodowiska S.A.,2019-12-03 17:05:01.388000,2019-12-03 17:05:01.391091,DEMO,ZMQ,EURUSD,MT4,2019-12-03 17:05:01.388000,MM,0.0,3.091,3.091
303,1.10913,1.10897,Dom Maklerski Banku Ochrony Srodowiska S.A.,2019-12-03 17:05:01.494000,2019-12-03 17:05:01.497091,DEMO,ZMQ,EURUSD,MT4,2019-12-03 17:05:01.494000,MM,0.0,3.091,3.091
304,1.10913,1.10897,Dom Maklerski Banku Ochrony Srodowiska S.A.,2019-12-03 17:05:01.607000,2019-12-03 17:05:01.611091,DEMO,ZMQ,EURUSD,MT4,2019-12-03 17:05:01.607000,MM,0.0,4.091,4.091
305,1.10913,1.10897,Dom Maklerski Banku Ochrony Srodowiska S.A.,2019-12-03 17:05:01.718000,2019-12-03 17:05:01.721090,DEMO,ZMQ,EURUSD,MT4,2019-12-03 17:05:01.718000,MM,0.0,3.09,3.09
306,1.10913,1.10897,Dom Maklerski Banku Ochrony Srodowiska S.A.,2019-12-03 17:05:01.825000,2019-12-03 17:05:01.829090,DEMO,ZMQ,EURUSD,MT4,2019-12-03 17:05:01.825000,MM,0.0,4.09,4.09
307,1.10913,1.10897,Dom Maklerski Banku Ochrony Srodowiska S.A.,2019-12-03 17:05:01.932000,2019-12-03 17:05:01.936090,DEMO,ZMQ,EURUSD,MT4,2019-12-03 17:05:01.932000,MM,0.0,4.09,4.09
308,1.10918,1.10902,Dom Maklerski Banku Ochrony Srodowiska S.A.,2019-12-03 17:05:02.036000,2019-12-03 17:05:02.040093,DEMO,ZMQ,EURUSD,MT4,2019-12-03 17:05:02.036000,MM,0.0,4.093,4.093
309,1.10918,1.10902,Dom Maklerski Banku Ochrony Srodowiska S.A.,2019-12-03 17:05:02.045000,2019-12-03 17:05:02.065092,DEMO,ZMQ,EURUSD,MT4,2019-12-03 17:05:02.045000,MM,0.0,20.092,20.092
310,1.10918,1.10902,Dom Maklerski Banku Ochrony Srodowiska S.A.,2019-12-03 17:05:02.162000,2019-12-03 17:05:02.166091,DEMO,ZMQ,EURUSD,MT4,2019-12-03 17:05:02.162000,MM,0.0,4.091,4.091
311,1.10918,1.10902,Dom Maklerski Banku Ochrony Srodowiska S.A.,2019-12-03 17:05:02.265000,2019-12-03 17:05:02.269119,DEMO,ZMQ,EURUSD,MT4,2019-12-03 17:05:02.265000,MM,0.0,4.119,4.119
312,1.10918,1.10902,Dom Maklerski Banku Ochrony Srodowiska S.A.,2019-12-03 17:05:02.372000,2019-12-03 17:05:02.376119,DEMO,ZMQ,EURUSD,MT4,2019-12-03 17:05:02.372000,MM,0.0,4.119,4.119
313,1.10918,1.10902,Dom Maklerski Banku Ochrony Srodowiska S.A.,2019-12-03 17:05:02.478000,2019-12-03 17:05:02.482091,DEMO,ZMQ,EURUSD,MT4,2019-12-03 17:05:02.478000,MM,0.0,4.091,4.091
314,1.10918,1.10902,Dom Maklerski Banku Ochrony Srodowiska S.A.,2019-12-03 17:05:02.592000,2019-12-03 17:05:02.596090,DEMO,ZMQ,EURUSD,MT4,2019-12-03 17:05:02.592000,MM,0.0,4.09,4.09
315,1.10918,1.10902,Dom Maklerski Banku Ochrony Srodowiska S.A.,2019-12-03 17:05:02.704000,2019-12-03 17:05:02.708092,DEMO,ZMQ,EURUSD,MT4,2019-12-03 17:05:02.704000,MM,0.0,4.092,4.092
316,1.10918,1.10902,Dom Maklerski Banku Ochrony Srodowiska S.A.,2019-12-03 17:05:02.809000,2019-12-03 17:05:02.812114,DEMO,ZMQ,EURUSD,MT4,2019-12-03 17:05:02.809000,MM,0.0,3.114,3.114
317,1.10918,1.10902,Dom Maklerski Banku Ochrony Srodowiska S.A.,2019-12-03 17:05:02.921000,2019-12-03 17:05:02.925091,DEMO,ZMQ,EURUSD,MT4,2019-12-03 17:05:02.921000,MM,0.0,4.091,4.091
318,1.10918,1.10902,Dom Maklerski Banku Ochrony Srodowiska S.A.,2019-12-03 17:05:03.026000,2019-12-03 17:05:03.029091,DEMO,ZMQ,EURUSD,MT4,2019-12-03 17:05:03.026000,MM,0.0,3.091,3.091
319,1.10918,1.10902,Dom Maklerski Banku Ochrony Srodowiska S.A.,2019-12-03 17:05:03.139000,2019-12-03 17:05:03.143092,DEMO,ZMQ,EURUSD,MT4,2019-12-03 17:05:03.139000,MM,0.0,4.092,4.092
320,1.10918,1.10902,Dom Maklerski Banku Ochrony Srodowiska S.A.,2019-12-03 17:05:03.244000,2019-12-03 17:05:03.247091,DEMO,ZMQ,EURUSD,MT4,2019-12-03 17:05:03.244000,MM,0.0,3.091,3.091
321,1.10918,1.10902,Dom Maklerski Banku Ochrony Srodowiska S.A.,2019-12-03 17:05:03.355000,2019-12-03 17:05:03.359090,DEMO,ZMQ,EURUSD,MT4,2019-12-03 17:05:03.355000,MM,0.0,4.09,4.09
322,1.10918,1.10902,Dom Maklerski Banku Ochrony Srodowiska S.A.,2019-12-03 17:05:03.467000,2019-12-03 17:05:03.471091,DEMO,ZMQ,EURUSD,MT4,2019-12-03 17:05:03.467000,MM,0.0,4.091,4.091
323,1.10918,1.10902,Dom Maklerski Banku Ochrony Srodowiska S.A.,2019-12-03 17:05:03.577000,2019-12-03 17:05:03.580091,DEMO,ZMQ,EURUSD,MT4,2019-12-03 17:05:03.577000,MM,0.0,3.091,3.091
324,1.10918,1.10902,Dom Maklerski Banku Ochrony Srodowiska S.A.,2019-12-03 17:05:03.684000,2019-12-03 17:05:03.687091,DEMO,ZMQ,EURUSD,MT4,2019-12-03 17:05:03.684000,MM,0.0,3.091,3.091
325,1.10918,1.10902,Dom Maklerski Banku Ochrony Srodowiska S.A.,2019-12-03 17:05:03.794000,2019-12-03 17:05:03.797091,DEMO,ZMQ,EURUSD,MT4,2019-12-03 17:05:03.794000,MM,0.0,3.091,3.091
326,1.10918,1.10902,Dom Maklerski Banku Ochrony Srodowiska S.A.,2019-12-03 17:05:03.909000,2019-12-03 17:05:03.913091,DEMO,ZMQ,EURUSD,MT4,2019-12-03 17:05:03.909000,MM,0.0,4.091,4.091
327,1.10918,1.10902,Dom Maklerski Banku Ochrony Srodowiska S.A.,2019-12-03 17:05:04.012000,2019-12-03 17:05:04.015090,DEMO,ZMQ,EURUSD,MT4,2019-12-03 17:05:04.012000,MM,0.0,3.09,3.09
328,1.10918,1.10902,Dom Maklerski Banku Ochrony Srodowiska S.A.,2019-12-03 17:05:04.119000,2019-12-03 17:05:04.123092,DEMO,ZMQ,EURUSD,MT4,2019-12-03 17:05:04.119000,MM,0.0,4.092,4.092
329,1.10918,1.10902,Dom Maklerski Banku Ochrony Srodowiska S.A.,2019-12-03 17:05:04.228000,2019-12-03 17:05:04.231091,DEMO,ZMQ,EURUSD,MT4,2019-12-03 17:05:04.228000,MM,0.0,3.091,3.091
330,1.10918,1.10902,Dom Maklerski Banku Ochrony Srodowiska S.A.,2019-12-03 17:05:04.339000,2019-12-03 17:05:04.342120,DEMO,ZMQ,EURUSD,MT4,2019-12-03 17:05:04.339000,MM,0.0,3.12,3.12
331,1.10918,1.10902,Dom Maklerski Banku Ochrony Srodowiska S.A.,2019-12-03 17:05:04.450000,2019-12-03 17:05:04.454134,DEMO,ZMQ,EURUSD,MT4,2019-12-03 17:05:04.450000,MM,0.0,4.134,4.134
332,1.10918,1.10902,Dom Maklerski Banku Ochrony Srodowiska S.A.,2019-12-03 17:05:04.562000,2019-12-03 17:05:04.565091,DEMO,ZMQ,EURUSD,MT4,2019-12-03 17:05:04.562000,MM,0.0,3.091,3.091
333,1.10918,1.10902,Dom Maklerski Banku Ochrony Srodowiska S.A.,2019-12-03 17:05:04.669000,2019-12-03 17:05:04.673091,DEMO,ZMQ,EURUSD,MT4,2019-12-03 17:05:04.669000,MM,0.0,4.091,4.091
334,1.10918,1.10902,Dom Maklerski Banku Ochrony Srodowiska S.A.,2019-12-03 17:05:04.776000,2019-12-03 17:05:04.780090,DEMO,ZMQ,EURUSD,MT4,2019-12-03 17:05:04.776000,MM,0.0,4.09,4.09
335,1.10918,1.10902,Dom Maklerski Banku Ochrony Srodowiska S.A.,2019-12-03 17:05:04.891000,2019-12-03 17:05:04.894091,DEMO,ZMQ,EURUSD,MT4,2019-12-03 17:05:04.891000,MM,0.0,3.091,3.091
336,1.10918,1.10902,Dom Maklerski Banku Ochrony Srodowiska S.A.,2019-12-03 17:05:04.998000,2019-12-03 17:05:05.002118,DEMO,ZMQ,EURUSD,MT4,2019-12-03 17:05:04.998000,MM,0.0,4.118,4.118
337,1.10918,1.10902,Dom Maklerski Banku Ochrony Srodowiska S.A.,2019-12-03 17:05:05.104000,2019-12-03 17:05:05.107092,DEMO,ZMQ,EURUSD,MT4,2019-12-03 17:05:05.104000,MM,0.0,3.092,3.092
338,1.10918,1.10902,Dom Maklerski Banku Ochrony Srodowiska S.A.,2019-12-03 17:05:05.216000,2019-12-03 17:05:05.219091,DEMO,ZMQ,EURUSD,MT4,2019-12-03 17:05:05.216000,MM,0.0,3.091,3.091
339,1.10918,1.10902,Dom Maklerski Banku Ochrony Srodowiska S.A.,2019-12-03 17:05:05.322000,2019-12-03 17:05:05.325090,DEMO,ZMQ,EURUSD,MT4,2019-12-03 17:05:05.322000,MM,0.0,3.09,3.09
340,1.10918,1.10902,Dom Maklerski Banku Ochrony Srodowiska S.A.,2019-12-03 17:05:05.433000,2019-12-03 17:05:05.436122,DEMO,ZMQ,EURUSD,MT4,2019-12-03 17:05:05.433000,MM,0.0,3.122,3.122
341,1.10918,1.10902,Dom Maklerski Banku Ochrony Srodowiska S.A.,2019-12-03 17:05:05.546000,2019-12-03 17:05:05.549119,DEMO,ZMQ,EURUSD,MT4,2019-12-03 17:05:05.546000,MM,0.0,3.119,3.119
342,1.10918,1.10902,Dom Maklerski Banku Ochrony Srodowiska S.A.,2019-12-03 17:05:05.661000,2019-12-03 17:05:05.665123,DEMO,ZMQ,EURUSD,MT4,2019-12-03 17:05:05.661000,MM,0.0,4.123,4.123
343,1.10918,1.10902,Dom Maklerski Banku Ochrony Srodowiska S.A.,2019-12-03 17:05:05.765000,2019-12-03 17:05:05.769120,DEMO,ZMQ,EURUSD,MT4,2019-12-03 17:05:05.765000,MM,0.0,4.12,4.12
344,1.10918,1.10902,Dom Maklerski Banku Ochrony Srodowiska S.A.,2019-12-03 17:05:05.869000,2019-12-03 17:05:05.872091,DEMO,ZMQ,EURUSD,MT4,2019-12-03 17:05:05.869000,MM,0.0,3.091,3.091
345,1.10918,1.10902,Dom Maklerski Banku Ochrony Srodowiska S.A.,2019-12-03 17:05:05.980000,2019-12-03 17:05:05.983115,DEMO,ZMQ,EURUSD,MT4,2019-12-03 17:05:05.980000,MM,0.0,3.115,3.115
346,1.10918,1.10902,Dom Maklerski Banku Ochrony Srodowiska S.A.,2019-12-03 17:05:06.092000,2019-12-03 17:05:06.096115,DEMO,ZMQ,EURUSD,MT4,2019-12-03 17:05:06.092000,MM,0.0,4.115,4.115
347,1.10918,1.10902,Dom Maklerski Banku Ochrony Srodowiska S.A.,2019-12-03 17:05:06.204000,2019-12-03 17:05:06.207090,DEMO,ZMQ,EURUSD,MT4,2019-12-03 17:05:06.204000,MM,0.0,3.09,3.09
348,1.10918,1.10902,Dom Maklerski Banku Ochrony Srodowiska S.A.,2019-12-03 17:05:06.309000,2019-12-03 17:05:06.312091,DEMO,ZMQ,EURUSD,MT4,2019-12-03 17:05:06.309000,MM,0.0,3.091,3.091
349,1.10918,1.10902,Dom Maklerski Banku Ochrony Srodowiska S.A.,2019-12-03 17:05:06.420000,2019-12-03 17:05:06.423091,DEMO,ZMQ,EURUSD,MT4,2019-12-03 17:05:06.420000,MM,0.0,3.091,3.091
350,1.10913,1.10897,Dom Maklerski Banku Ochrony Srodowiska S.A.,2019-12-03 17:05:06.515000,2019-12-03 17:05:06.519090,DEMO,ZMQ,EURUSD,MT4,2019-12-03 17:05:06.515000,MM,0.0,4.09,4.09
351,1.10913,1.10897,Dom Maklerski Banku Ochrony Srodowiska S.A.,2019-12-03 17:05:06.526000,2019-12-03 17:05:06.542091,DEMO,ZMQ,EURUSD,MT4,2019-12-03 17:05:06.526000,MM,0.0,16.091,16.091
352,1.10913,1.10897,Dom Maklerski Banku Ochrony Srodowiska S.A.,2019-12-03 17:05:06.638000,2019-12-03 17:05:06.642091,DEMO,ZMQ,EURUSD,MT4,2019-12-03 17:05:06.638000,MM,0.0,4.091,4.091
353,1.10913,1.10903,International Capital Markets Pty Ltd.,2019-12-03 17:05:06.822000,2019-12-03 17:05:10.109091,,ZMQ,EURUSD,MT4,2019-12-03 17:05:06.822000,,0.0,3287.091,3287.091
354,1.10913,1.10897,Dom Maklerski Banku Ochrony Srodowiska S.A.,2019-12-03 17:05:06.748000,2019-12-03 17:05:10.135091,DEMO,ZMQ,EURUSD,MT4,2019-12-03 17:05:06.748000,MM,0.0,3387.091,3387.091
355,1.10913,1.10903,International Capital Markets Pty Ltd.,2019-12-03 17:05:06.932000,2019-12-03 17:05:10.163091,,ZMQ,EURUSD,MT4,2019-12-03 17:05:06.932000,,0.0,3231.091,3231.091
356,1.10913,1.10897,Dom Maklerski Banku Ochrony Srodowiska S.A.,2019-12-03 17:05:06.859000,2019-12-03 17:05:10.189120,DEMO,ZMQ,EURUSD,MT4,2019-12-03 17:05:06.859000,MM,0.0,3330.12,3330.12
357,1.10913,1.10903,International Capital Markets Pty Ltd.,2019-12-03 17:05:07.043000,2019-12-03 17:05:10.217091,,ZMQ,EURUSD,MT4,2019-12-03 17:05:07.043000,,0.0,3174.091,3174.091
358,1.10913,1.10897,Dom Maklerski Banku Ochrony Srodowiska S.A.,2019-12-03 17:05:06.967000,2019-12-03 17:05:10.243091,DEMO,ZMQ,EURUSD,MT4,2019-12-03 17:05:06.967000,MM,0.0,3276.091,3276.091
359,1.10913,1.10903,International Capital Markets Pty Ltd.,2019-12-03 17:05:07.152000,2019-12-03 17:05:10.271091,,ZMQ,EURUSD,MT4,2019-12-03 17:05:07.152000,,0.0,3119.091,3119.091
360,1.10913,1.10897,Dom Maklerski Banku Ochrony Srodowiska S.A.,2019-12-03 17:05:07.073000,2019-12-03 17:05:10.298090,DEMO,ZMQ,EURUSD,MT4,2019-12-03 17:05:07.073000,MM,0.0,3225.09,3225.09
361,1.10913,1.10903,International Capital Markets Pty Ltd.,2019-12-03 17:05:07.260000,2019-12-03 17:05:10.326091,,ZMQ,EURUSD,MT4,2019-12-03 17:05:07.260000,,0.0,3066.091,3066.091
362,1.10913,1.10897,Dom Maklerski Banku Ochrony Srodowiska S.A.,2019-12-03 17:05:07.181000,2019-12-03 17:05:10.353092,DEMO,ZMQ,EURUSD,MT4,2019-12-03 17:05:07.181000,MM,0.0,3172.092,3172.092
363,1.10913,1.10903,International Capital Markets Pty Ltd.,2019-12-03 17:05:07.370000,2019-12-03 17:05:10.383090,,ZMQ,EURUSD,MT4,2019-12-03 17:05:07.370000,,0.0,3013.09,3013.09
364,1.10913,1.10897,Dom Maklerski Banku Ochrony Srodowiska S.A.,2019-12-03 17:05:07.296000,2019-12-03 17:05:10.409091,DEMO,ZMQ,EURUSD,MT4,2019-12-03 17:05:07.296000,MM,0.0,3113.091,3113.091
365,1.10913,1.10903,International Capital Markets Pty Ltd.,2019-12-03 17:05:07.482000,2019-12-03 17:05:10.437091,,ZMQ,EURUSD,MT4,2019-12-03 17:05:07.482000,,0.0,2955.091,2955.091
366,1.10913,1.10897,Dom Maklerski Banku Ochrony Srodowiska S.A.,2019-12-03 17:05:07.421000,2019-12-03 17:05:10.464091,DEMO,ZMQ,EURUSD,MT4,2019-12-03 17:05:07.421000,MM,0.0,3043.091,3043.091
367,1.10913,1.10903,International Capital Markets Pty Ltd.,2019-12-03 17:05:07.589000,2019-12-03 17:05:10.493091,,ZMQ,EURUSD,MT4,2019-12-03 17:05:07.589000,,0.0,2904.091,2904.091
368,1.10913,1.10897,Dom Maklerski Banku Ochrony Srodowiska S.A.,2019-12-03 17:05:07.512000,2019-12-03 17:05:10.518091,DEMO,ZMQ,EURUSD,MT4,2019-12-03 17:05:07.512000,MM,0.0,3006.091,3006.091
369,1.10913,1.10903,International Capital Markets Pty Ltd.,2019-12-03 17:05:07.708000,2019-12-03 17:05:10.546091,,ZMQ,EURUSD,MT4,2019-12-03 17:05:07.708000,,0.0,2838.091,2838.091
370,1.10913,1.10897,Dom Maklerski Banku Ochrony Srodowiska S.A.,2019-12-03 17:05:07.625000,2019-12-03 17:05:10.573091,DEMO,ZMQ,EURUSD,MT4,2019-12-03 17:05:07.625000,MM,0.0,2948.091,2948.091
371,1.10913,1.10903,International Capital Markets Pty Ltd.,2019-12-03 17:05:07.808000,2019-12-03 17:05:10.601091,,ZMQ,EURUSD,MT4,2019-12-03 17:05:07.808000,,0.0,2793.091,2793.091
372,1.10913,1.10897,Dom Maklerski Banku Ochrony Srodowiska S.A.,2019-12-03 17:05:07.731000,2019-12-03 17:05:10.627090,DEMO,ZMQ,EURUSD,MT4,2019-12-03 17:05:07.731000,MM,0.0,2896.09,2896.09
373,1.10913,1.10903,International Capital Markets Pty Ltd.,2019-12-03 17:05:07.918000,2019-12-03 17:05:10.655091,,ZMQ,EURUSD,MT4,2019-12-03 17:05:07.918000,,0.0,2737.091,2737.091
374,1.10913,1.10897,Dom Maklerski Banku Ochrony Srodowiska S.A.,2019-12-03 17:05:07.842000,2019-12-03 17:05:10.681091,DEMO,ZMQ,EURUSD,MT4,2019-12-03 17:05:07.842000,MM,0.0,2839.091,2839.091
375,1.10913,1.10903,International Capital Markets Pty Ltd.,2019-12-03 17:05:08.027000,2019-12-03 17:05:10.709092,,ZMQ,EURUSD,MT4,2019-12-03 17:05:08.027000,,0.0,2682.092,2682.092
376,1.10913,1.10897,Dom Maklerski Banku Ochrony Srodowiska S.A.,2019-12-03 17:05:07.948000,2019-12-03 17:05:10.736091,DEMO,ZMQ,EURUSD,MT4,2019-12-03 17:05:07.948000,MM,0.0,2788.091,2788.091
377,1.10913,1.10903,International Capital Markets Pty Ltd.,2019-12-03 17:05:08.138000,2019-12-03 17:05:10.765091,,ZMQ,EURUSD,MT4,2019-12-03 17:05:08.138000,,0.0,2627.091,2627.091
378,1.10913,1.10897,Dom Maklerski Banku Ochrony Srodowiska S.A.,2019-12-03 17:05:08.057000,2019-12-03 17:05:10.791091,DEMO,ZMQ,EURUSD,MT4,2019-12-03 17:05:08.057000,MM,0.0,2734.091,2734.091
379,1.10913,1.10903,International Capital Markets Pty Ltd.,2019-12-03 17:05:08.249000,2019-12-03 17:05:10.819091,,ZMQ,EURUSD,MT4,2019-12-03 17:05:08.249000,,0.0,2570.091,2570.091
380,1.10913,1.10897,Dom Maklerski Banku Ochrony Srodowiska S.A.,2019-12-03 17:05:08.168000,2019-12-03 17:05:10.845090,DEMO,ZMQ,EURUSD,MT4,2019-12-03 17:05:08.168000,MM,0.0,2677.09,2677.09
381,1.10913,1.10903,International Capital Markets Pty Ltd.,2019-12-03 17:05:08.355000,2019-12-03 17:05:10.873090,,ZMQ,EURUSD,MT4,2019-12-03 17:05:08.355000,,0.0,2518.09,2518.09
382,1.10913,1.10897,Dom Maklerski Banku Ochrony Srodowiska S.A.,2019-12-03 17:05:08.280000,2019-12-03 17:05:10.899091,DEMO,ZMQ,EURUSD,MT4,2019-12-03 17:05:08.280000,MM,0.0,2619.091,2619.091
383,1.10913,1.10903,International Capital Markets Pty Ltd.,2019-12-03 17:05:08.464000,2019-12-03 17:05:10.927091,,ZMQ,EURUSD,MT4,2019-12-03 17:05:08.464000,,0.0,2463.091,2463.091
384,1.10913,1.10897,Dom Maklerski Banku Ochrony Srodowiska S.A.,2019-12-03 17:05:08.390000,2019-12-03 17:05:10.953091,DEMO,ZMQ,EURUSD,MT4,2019-12-03 17:05:08.390000,MM,0.0,2563.091,2563.091
385,1.10913,1.10903,International Capital Markets Pty Ltd.,2019-12-03 17:05:08.574000,2019-12-03 17:05:10.982091,,ZMQ,EURUSD,MT4,2019-12-03 17:05:08.574000,,0.0,2408.091,2408.091
386,1.10913,1.10897,Dom Maklerski Banku Ochrony Srodowiska S.A.,2019-12-03 17:05:08.499000,2019-12-03 17:05:11.009091,DEMO,ZMQ,EURUSD,MT4,2019-12-03 17:05:08.499000,MM,0.0,2510.091,2510.091
387,1.10913,1.10903,International Capital Markets Pty Ltd.,2019-12-03 17:05:08.683000,2019-12-03 17:05:11.037091,,ZMQ,EURUSD,MT4,2019-12-03 17:05:08.683000,,0.0,2354.091,2354.091
388,1.10913,1.10897,Dom Maklerski Banku Ochrony Srodowiska S.A.,2019-12-03 17:05:08.604000,2019-12-03 17:05:11.063090,DEMO,ZMQ,EURUSD,MT4,2019-12-03 17:05:08.604000,MM,0.0,2459.09,2459.09
389,1.10913,1.10903,International Capital Markets Pty Ltd.,2019-12-03 17:05:08.792000,2019-12-03 17:05:11.092090,,ZMQ,EURUSD,MT4,2019-12-03 17:05:08.792000,,0.0,2300.09,2300.09
390,1.10913,1.10897,Dom Maklerski Banku Ochrony Srodowiska S.A.,2019-12-03 17:05:08.713000,2019-12-03 17:05:11.118090,DEMO,ZMQ,EURUSD,MT4,2019-12-03 17:05:08.713000,MM,0.0,2405.09,2405.09
391,1.10913,1.10903,International Capital Markets Pty Ltd.,2019-12-03 17:05:08.906000,2019-12-03 17:05:11.145091,,ZMQ,EURUSD,MT4,2019-12-03 17:05:08.906000,,0.0,2239.091,2239.091
392,1.10913,1.10897,Dom Maklerski Banku Ochrony Srodowiska S.A.,2019-12-03 17:05:08.822000,2019-12-03 17:05:11.171124,DEMO,ZMQ,EURUSD,MT4,2019-12-03 17:05:08.822000,MM,0.0,2349.124,2349.124
393,1.10913,1.10903,International Capital Markets Pty Ltd.,2019-12-03 17:05:09.015000,2019-12-03 17:05:11.199121,,ZMQ,EURUSD,MT4,2019-12-03 17:05:09.015000,,0.0,2184.121,2184.121
394,1.10913,1.10897,Dom Maklerski Banku Ochrony Srodowiska S.A.,2019-12-03 17:05:08.933000,2019-12-03 17:05:11.226091,DEMO,ZMQ,EURUSD,MT4,2019-12-03 17:05:08.933000,MM,0.0,2293.091,2293.091
395,1.10913,1.10903,International Capital Markets Pty Ltd.,2019-12-03 17:05:09.125000,2019-12-03 17:05:11.254091,,ZMQ,EURUSD,MT4,2019-12-03 17:05:09.125000,,0.0,2129.091,2129.091
396,1.10913,1.10897,Dom Maklerski Banku Ochrony Srodowiska S.A.,2019-12-03 17:05:09.046000,2019-12-03 17:05:11.280091,DEMO,ZMQ,EURUSD,MT4,2019-12-03 17:05:09.046000,MM,0.0,2234.091,2234.091
397,1.10913,1.10903,International Capital Markets Pty Ltd.,2019-12-03 17:05:09.233000,2019-12-03 17:05:11.308091,,ZMQ,EURUSD,MT4,2019-12-03 17:05:09.233000,,0.0,2075.091,2075.091
398,1.10913,1.10897,Dom Maklerski Banku Ochrony Srodowiska S.A.,2019-12-03 17:05:09.161000,2019-12-03 17:05:11.333091,DEMO,ZMQ,EURUSD,MT4,2019-12-03 17:05:09.161000,MM,0.0,2172.091,2172.091
399,1.10913,1.10903,International Capital Markets Pty Ltd.,2019-12-03 17:05:09.344000,2019-12-03 17:05:11.361091,,ZMQ,EURUSD,MT4,2019-12-03 17:05:09.344000,,0.0,2017.091,2017.091
400,1.10913,1.10897,Dom Maklerski Banku Ochrony Srodowiska S.A.,2019-12-03 17:05:09.260000,2019-12-03 17:05:11.394090,DEMO,ZMQ,EURUSD,MT4,2019-12-03 17:05:09.260000,MM,0.0,2134.09,2134.09
401,1.10913,1.10903,International Capital Markets Pty Ltd.,2019-12-03 17:05:09.460000,2019-12-03 17:05:11.423091,,ZMQ,EURUSD,MT4,2019-12-03 17:05:09.460000,,0.0,1963.091,1963.091
402,1.10913,1.10897,Dom Maklerski Banku Ochrony Srodowiska S.A.,2019-12-03 17:05:09.373000,2019-12-03 17:05:11.448115,DEMO,ZMQ,EURUSD,MT4,2019-12-03 17:05:09.373000,MM,0.0,2075.115,2075.115
403,1.10913,1.10903,International Capital Markets Pty Ltd.,2019-12-03 17:05:09.559000,2019-12-03 17:05:11.477091,,ZMQ,EURUSD,MT4,2019-12-03 17:05:09.559000,,0.0,1918.091,1918.091
404,1.10913,1.10897,Dom Maklerski Banku Ochrony Srodowiska S.A.,2019-12-03 17:05:09.478000,2019-12-03 17:05:11.503091,DEMO,ZMQ,EURUSD,MT4,2019-12-03 17:05:09.478000,MM,0.0,2025.091,2025.091
405,1.10913,1.10903,International Capital Markets Pty Ltd.,2019-12-03 17:05:09.669000,2019-12-03 17:05:11.531118,,ZMQ,EURUSD,MT4,2019-12-03 17:05:09.669000,,0.0,1862.118,1862.118
406,1.10913,1.10897,Dom Maklerski Banku Ochrony Srodowiska S.A.,2019-12-03 17:05:09.589000,2019-12-03 17:05:11.557120,DEMO,ZMQ,EURUSD,MT4,2019-12-03 17:05:09.589000,MM,0.0,1968.12,1968.12
407,1.10913,1.10903,International Capital Markets Pty Ltd.,2019-12-03 17:05:09.776000,2019-12-03 17:05:11.585120,,ZMQ,EURUSD,MT4,2019-12-03 17:05:09.776000,,0.0,1809.12,1809.12
408,1.10913,1.10897,Dom Maklerski Banku Ochrony Srodowiska S.A.,2019-12-03 17:05:09.700000,2019-12-03 17:05:11.610120,DEMO,ZMQ,EURUSD,MT4,2019-12-03 17:05:09.700000,MM,0.0,1910.12,1910.12
409,1.10913,1.10903,International Capital Markets Pty Ltd.,2019-12-03 17:05:09.887000,2019-12-03 17:05:11.639092,,ZMQ,EURUSD,MT4,2019-12-03 17:05:09.887000,,0.0,1752.092,1752.092
410,1.10913,1.10897,Dom Maklerski Banku Ochrony Srodowiska S.A.,2019-12-03 17:05:09.812000,2019-12-03 17:05:11.665122,DEMO,ZMQ,EURUSD,MT4,2019-12-03 17:05:09.812000,MM,0.0,1853.122,1853.122
411,1.10913,1.10903,International Capital Markets Pty Ltd.,2019-12-03 17:05:09.997000,2019-12-03 17:05:11.693116,,ZMQ,EURUSD,MT4,2019-12-03 17:05:09.997000,,0.0,1696.116,1696.116
412,1.10913,1.10897,Dom Maklerski Banku Ochrony Srodowiska S.A.,2019-12-03 17:05:09.917000,2019-12-03 17:05:11.719091,DEMO,ZMQ,EURUSD,MT4,2019-12-03 17:05:09.917000,MM,0.0,1802.091,1802.091
413,1.10913,1.10903,International Capital Markets Pty Ltd.,2019-12-03 17:05:10.104000,2019-12-03 17:05:11.747091,,ZMQ,EURUSD,MT4,2019-12-03 17:05:10.104000,,0.0,1643.091,1643.091
414,1.10913,1.10897,Dom Maklerski Banku Ochrony Srodowiska S.A.,2019-12-03 17:05:10.028000,2019-12-03 17:05:11.773122,DEMO,ZMQ,EURUSD,MT4,2019-12-03 17:05:10.028000,MM,0.0,1745.122,1745.122
415,1.10913,1.10903,International Capital Markets Pty Ltd.,2019-12-03 17:05:10.218000,2019-12-03 17:05:11.801091,,ZMQ,EURUSD,MT4,2019-12-03 17:05:10.218000,,0.0,1583.091,1583.091
416,1.10913,1.10897,Dom Maklerski Banku Ochrony Srodowiska S.A.,2019-12-03 17:05:10.140000,2019-12-03 17:05:11.826091,DEMO,ZMQ,EURUSD,MT4,2019-12-03 17:05:10.140000,MM,0.0,1686.091,1686.091
417,1.10913,1.10903,International Capital Markets Pty Ltd.,2019-12-03 17:05:10.325000,2019-12-03 17:05:11.854091,,ZMQ,EURUSD,MT4,2019-12-03 17:05:10.325000,,0.0,1529.091,1529.091
418,1.10913,1.10897,Dom Maklerski Banku Ochrony Srodowiska S.A.,2019-12-03 17:05:10.246000,2019-12-03 17:05:11.881090,DEMO,ZMQ,EURUSD,MT4,2019-12-03 17:05:10.246000,MM,0.0,1635.09,1635.09
419,1.10913,1.10903,International Capital Markets Pty Ltd.,2019-12-03 17:05:10.436000,2019-12-03 17:05:11.909092,,ZMQ,EURUSD,MT4,2019-12-03 17:05:10.436000,,0.0,1473.092,1473.092
420,1.10913,1.10897,Dom Maklerski Banku Ochrony Srodowiska S.A.,2019-12-03 17:05:10.353000,2019-12-03 17:05:11.935091,DEMO,ZMQ,EURUSD,MT4,2019-12-03 17:05:10.353000,MM,0.0,1582.091,1582.091
421,1.10913,1.10903,International Capital Markets Pty Ltd.,2019-12-03 17:05:10.541000,2019-12-03 17:05:11.964090,,ZMQ,EURUSD,MT4,2019-12-03 17:05:10.541000,,0.0,1423.09,1423.09
422,1.10913,1.10897,Dom Maklerski Banku Ochrony Srodowiska S.A.,2019-12-03 17:05:10.465000,2019-12-03 17:05:11.989090,DEMO,ZMQ,EURUSD,MT4,2019-12-03 17:05:10.465000,MM,0.0,1524.09,1524.09
423,1.10913,1.10903,International Capital Markets Pty Ltd.,2019-12-03 17:05:10.650000,2019-12-03 17:05:12.018091,,ZMQ,EURUSD,MT4,2019-12-03 17:05:10.650000,,0.0,1368.091,1368.091
424,1.10913,1.10897,Dom Maklerski Banku Ochrony Srodowiska S.A.,2019-12-03 17:05:10.572000,2019-12-03 17:05:12.043091,DEMO,ZMQ,EURUSD,MT4,2019-12-03 17:05:10.572000,MM,0.0,1471.091,1471.091
425,1.10913,1.10903,International Capital Markets Pty Ltd.,2019-12-03 17:05:10.765000,2019-12-03 17:05:12.072090,,ZMQ,EURUSD,MT4,2019-12-03 17:05:10.765000,,0.0,1307.09,1307.09
426,1.10913,1.10897,Dom Maklerski Banku Ochrony Srodowiska S.A.,2019-12-03 17:05:10.682000,2019-12-03 17:05:12.098090,DEMO,ZMQ,EURUSD,MT4,2019-12-03 17:05:10.682000,MM,0.0,1416.09,1416.09
427,1.10913,1.10903,International Capital Markets Pty Ltd.,2019-12-03 17:05:10.869000,2019-12-03 17:05:12.125117,,ZMQ,EURUSD,MT4,2019-12-03 17:05:10.869000,,0.0,1256.117,1256.117
428,1.10913,1.10897,Dom Maklerski Banku Ochrony Srodowiska S.A.,2019-12-03 17:05:10.794000,2019-12-03 17:05:12.151117,DEMO,ZMQ,EURUSD,MT4,2019-12-03 17:05:10.794000,MM,0.0,1357.117,1357.117
429,1.10913,1.10903,International Capital Markets Pty Ltd.,2019-12-03 17:05:10.980000,2019-12-03 17:05:12.179115,,ZMQ,EURUSD,MT4,2019-12-03 17:05:10.980000,,0.0,1199.115,1199.115
430,1.10913,1.10897,Dom Maklerski Banku Ochrony Srodowiska S.A.,2019-12-03 17:05:10.917000,2019-12-03 17:05:12.206091,DEMO,ZMQ,EURUSD,MT4,2019-12-03 17:05:10.917000,MM,0.0,1289.091,1289.091
431,1.10913,1.10903,International Capital Markets Pty Ltd.,2019-12-03 17:05:11.089000,2019-12-03 17:05:12.233115,,ZMQ,EURUSD,MT4,2019-12-03 17:05:11.089000,,0.0,1144.115,1144.115
432,1.10913,1.10897,Dom Maklerski Banku Ochrony Srodowiska S.A.,2019-12-03 17:05:11.016000,2019-12-03 17:05:12.259091,DEMO,ZMQ,EURUSD,MT4,2019-12-03 17:05:11.016000,MM,0.0,1243.091,1243.091
433,1.10913,1.10903,International Capital Markets Pty Ltd.,2019-12-03 17:05:11.205000,2019-12-03 17:05:12.287091,,ZMQ,EURUSD,MT4,2019-12-03 17:05:11.205000,,0.0,1082.091,1082.091
434,1.10913,1.10897,Dom Maklerski Banku Ochrony Srodowiska S.A.,2019-12-03 17:05:11.124000,2019-12-03 17:05:12.315091,DEMO,ZMQ,EURUSD,MT4,2019-12-03 17:05:11.124000,MM,0.0,1191.091,1191.091
435,1.10913,1.10903,International Capital Markets Pty Ltd.,2019-12-03 17:05:11.310000,2019-12-03 17:05:12.345090,,ZMQ,EURUSD,MT4,2019-12-03 17:05:11.310000,,0.0,1035.09,1035.09
436,1.10913,1.10897,Dom Maklerski Banku Ochrony Srodowiska S.A.,2019-12-03 17:05:11.229000,2019-12-03 17:05:12.371091,DEMO,ZMQ,EURUSD,MT4,2019-12-03 17:05:11.229000,MM,0.0,1142.091,1142.091
437,1.10913,1.10903,International Capital Markets Pty Ltd.,2019-12-03 17:05:11.419000,2019-12-03 17:05:12.400091,,ZMQ,EURUSD,MT4,2019-12-03 17:05:11.419000,,0.0,981.091,981.091
438,1.10913,1.10897,Dom Maklerski Banku Ochrony Srodowiska S.A.,2019-12-03 17:05:11.339000,2019-12-03 17:05:12.426091,DEMO,ZMQ,EURUSD,MT4,2019-12-03 17:05:11.339000,MM,0.0,1087.091,1087.091
439,1.10913,1.10903,International Capital Markets Pty Ltd.,2019-12-03 17:05:11.530000,2019-12-03 17:05:12.454091,,ZMQ,EURUSD,MT4,2019-12-03 17:05:11.530000,,0.0,924.091,924.091
440,1.10913,1.10897,Dom Maklerski Banku Ochrony Srodowiska S.A.,2019-12-03 17:05:11.451000,2019-12-03 17:05:12.479091,DEMO,ZMQ,EURUSD,MT4,2019-12-03 17:05:11.451000,MM,0.0,1028.091,1028.091
441,1.10913,1.10903,International Capital Markets Pty Ltd.,2019-12-03 17:05:11.641000,2019-12-03 17:05:12.509091,,ZMQ,EURUSD,MT4,2019-12-03 17:05:11.641000,,0.0,868.091,868.091
442,1.10913,1.10897,Dom Maklerski Banku Ochrony Srodowiska S.A.,2019-12-03 17:05:11.559000,2019-12-03 17:05:12.534091,DEMO,ZMQ,EURUSD,MT4,2019-12-03 17:05:11.559000,MM,0.0,975.091,975.091
443,1.10913,1.10903,International Capital Markets Pty Ltd.,2019-12-03 17:05:11.748000,2019-12-03 17:05:12.563091,,ZMQ,EURUSD,MT4,2019-12-03 17:05:11.748000,,0.0,815.091,815.091
444,1.10913,1.10897,Dom Maklerski Banku Ochrony Srodowiska S.A.,2019-12-03 17:05:11.669000,2019-12-03 17:05:12.589091,DEMO,ZMQ,EURUSD,MT4,2019-12-03 17:05:11.669000,MM,0.0,920.091,920.091
445,1.10913,1.10903,International Capital Markets Pty Ltd.,2019-12-03 17:05:11.854000,2019-12-03 17:05:12.617090,,ZMQ,EURUSD,MT4,2019-12-03 17:05:11.854000,,0.0,763.09,763.09
446,1.10913,1.10897,Dom Maklerski Banku Ochrony Srodowiska S.A.,2019-12-03 17:05:11.777000,2019-12-03 17:05:12.643091,DEMO,ZMQ,EURUSD,MT4,2019-12-03 17:05:11.777000,MM,0.0,866.091,866.091
447,1.10913,1.10903,International Capital Markets Pty Ltd.,2019-12-03 17:05:11.967000,2019-12-03 17:05:12.670091,,ZMQ,EURUSD,MT4,2019-12-03 17:05:11.967000,,0.0,703.091,703.091
448,1.10913,1.10897,Dom Maklerski Banku Ochrony Srodowiska S.A.,2019-12-03 17:05:11.889000,2019-12-03 17:05:12.697091,DEMO,ZMQ,EURUSD,MT4,2019-12-03 17:05:11.889000,MM,0.0,808.091,808.091
449,1.10913,1.10903,International Capital Markets Pty Ltd.,2019-12-03 17:05:12.078000,2019-12-03 17:05:12.726091,,ZMQ,EURUSD,MT4,2019-12-03 17:05:12.078000,,0.0,648.091,648.091
450,1.10913,1.10897,Dom Maklerski Banku Ochrony Srodowiska S.A.,2019-12-03 17:05:11.994000,2019-12-03 17:05:12.753091,DEMO,ZMQ,EURUSD,MT4,2019-12-03 17:05:11.994000,MM,0.0,759.091,759.091
451,1.10913,1.10903,International Capital Markets Pty Ltd.,2019-12-03 17:05:12.185000,2019-12-03 17:05:12.781091,,ZMQ,EURUSD,MT4,2019-12-03 17:05:12.185000,,0.0,596.091,596.091
452,1.10913,1.10897,Dom Maklerski Banku Ochrony Srodowiska S.A.,2019-12-03 17:05:12.103000,2019-12-03 17:05:12.807091,DEMO,ZMQ,EURUSD,MT4,2019-12-03 17:05:12.103000,MM,0.0,704.091,704.091
453,1.10913,1.10903,International Capital Markets Pty Ltd.,2019-12-03 17:05:12.297000,2019-12-03 17:05:12.835090,,ZMQ,EURUSD,MT4,2019-12-03 17:05:12.297000,,0.0,538.09,538.09
454,1.10913,1.10897,Dom Maklerski Banku Ochrony Srodowiska S.A.,2019-12-03 17:05:12.215000,2019-12-03 17:05:12.861091,DEMO,ZMQ,EURUSD,MT4,2019-12-03 17:05:12.215000,MM,0.0,646.091,646.091
455,1.10913,1.10903,International Capital Markets Pty Ltd.,2019-12-03 17:05:12.406000,2019-12-03 17:05:12.889091,,ZMQ,EURUSD,MT4,2019-12-03 17:05:12.406000,,0.0,483.091,483.091
456,1.10913,1.10897,Dom Maklerski Banku Ochrony Srodowiska S.A.,2019-12-03 17:05:12.326000,2019-12-03 17:05:12.914090,DEMO,ZMQ,EURUSD,MT4,2019-12-03 17:05:12.326000,MM,0.0,588.09,588.09
457,1.10912,1.10902,International Capital Markets Pty Ltd.,2019-12-03 17:05:12.447000,2019-12-03 17:05:12.942090,,ZMQ,EURUSD,MT4,2019-12-03 17:05:12.447000,,0.0,495.09,495.09
458,1.10913,1.10897,Dom Maklerski Banku Ochrony Srodowiska S.A.,2019-12-03 17:05:12.438000,2019-12-03 17:05:12.969091,DEMO,ZMQ,EURUSD,MT4,2019-12-03 17:05:12.438000,MM,0.0,531.091,531.091
459,1.10912,1.10902,International Capital Markets Pty Ltd.,2019-12-03 17:05:12.510000,2019-12-03 17:05:12.997091,,ZMQ,EURUSD,MT4,2019-12-03 17:05:12.510000,,0.0,487.091,487.091
460,1.10913,1.10897,Dom Maklerski Banku Ochrony Srodowiska S.A.,2019-12-03 17:05:12.545000,2019-12-03 17:05:13.023091,DEMO,ZMQ,EURUSD,MT4,2019-12-03 17:05:12.545000,MM,0.0,478.091,478.091
461,1.10911,1.10901,International Capital Markets Pty Ltd.,2019-12-03 17:05:12.604000,2019-12-03 17:05:13.051091,,ZMQ,EURUSD,MT4,2019-12-03 17:05:12.604000,,0.0,447.091,447.091
462,1.10913,1.10897,Dom Maklerski Banku Ochrony Srodowiska S.A.,2019-12-03 17:05:12.660000,2019-12-03 17:05:13.076091,DEMO,ZMQ,EURUSD,MT4,2019-12-03 17:05:12.660000,MM,0.0,416.091,416.091
463,1.10911,1.10901,International Capital Markets Pty Ltd.,2019-12-03 17:05:12.625000,2019-12-03 17:05:13.105091,,ZMQ,EURUSD,MT4,2019-12-03 17:05:12.625000,,0.0,480.091,480.091
464,1.10913,1.10897,Dom Maklerski Banku Ochrony Srodowiska S.A.,2019-12-03 17:05:12.763000,2019-12-03 17:05:13.130091,DEMO,ZMQ,EURUSD,MT4,2019-12-03 17:05:12.763000,MM,0.0,367.091,367.091
465,1.10911,1.10901,International Capital Markets Pty Ltd.,2019-12-03 17:05:12.728000,2019-12-03 17:05:13.160091,,ZMQ,EURUSD,MT4,2019-12-03 17:05:12.728000,,0.0,432.091,432.091
466,1.10913,1.10897,Dom Maklerski Banku Ochrony Srodowiska S.A.,2019-12-03 17:05:12.872000,2019-12-03 17:05:13.186091,DEMO,ZMQ,EURUSD,MT4,2019-12-03 17:05:12.872000,MM,0.0,314.091,314.091
467,1.10911,1.10901,International Capital Markets Pty Ltd.,2019-12-03 17:05:12.838000,2019-12-03 17:05:13.214091,,ZMQ,EURUSD,MT4,2019-12-03 17:05:12.838000,,0.0,376.091,376.091
468,1.10913,1.10897,Dom Maklerski Banku Ochrony Srodowiska S.A.,2019-12-03 17:05:12.982000,2019-12-03 17:05:13.241091,DEMO,ZMQ,EURUSD,MT4,2019-12-03 17:05:12.982000,MM,0.0,259.091,259.091
469,1.10911,1.10901,International Capital Markets Pty Ltd.,2019-12-03 17:05:12.960000,2019-12-03 17:05:13.270090,,ZMQ,EURUSD,MT4,2019-12-03 17:05:12.960000,,0.0,310.09,310.09
470,1.10913,1.10897,Dom Maklerski Banku Ochrony Srodowiska S.A.,2019-12-03 17:05:13.091000,2019-12-03 17:05:13.296091,DEMO,ZMQ,EURUSD,MT4,2019-12-03 17:05:13.091000,MM,0.0,205.091,205.091
471,1.10911,1.10901,International Capital Markets Pty Ltd.,2019-12-03 17:05:13.062000,2019-12-03 17:05:13.325091,,ZMQ,EURUSD,MT4,2019-12-03 17:05:13.062000,,0.0,263.091,263.091
472,1.10913,1.10897,Dom Maklerski Banku Ochrony Srodowiska S.A.,2019-12-03 17:05:13.199000,2019-12-03 17:05:13.350091,DEMO,ZMQ,EURUSD,MT4,2019-12-03 17:05:13.199000,MM,0.0,151.091,151.091
473,1.10911,1.10901,International Capital Markets Pty Ltd.,2019-12-03 17:05:13.170000,2019-12-03 17:05:13.378091,,ZMQ,EURUSD,MT4,2019-12-03 17:05:13.170000,,0.0,208.091,208.091
474,1.10913,1.10897,Dom Maklerski Banku Ochrony Srodowiska S.A.,2019-12-03 17:05:13.311000,2019-12-03 17:05:13.405091,DEMO,ZMQ,EURUSD,MT4,2019-12-03 17:05:13.311000,MM,0.0,94.091,94.091
475,1.10911,1.10901,International Capital Markets Pty Ltd.,2019-12-03 17:05:13.276000,2019-12-03 17:05:13.433091,,ZMQ,EURUSD,MT4,2019-12-03 17:05:13.276000,,0.0,157.091,157.091
476,1.10913,1.10897,Dom Maklerski Banku Ochrony Srodowiska S.A.,2019-12-03 17:05:13.421000,2019-12-03 17:05:13.460120,DEMO,ZMQ,EURUSD,MT4,2019-12-03 17:05:13.421000,MM,0.0,39.12,39.12
477,1.10911,1.10901,International Capital Markets Pty Ltd.,2019-12-03 17:05:13.388000,2019-12-03 17:05:13.487091,,ZMQ,EURUSD,MT4,2019-12-03 17:05:13.388000,,0.0,99.091,99.091
478,1.10911,1.10901,International Capital Markets Pty Ltd.,2019-12-03 17:05:13.497000,2019-12-03 17:05:13.513090,,ZMQ,EURUSD,MT4,2019-12-03 17:05:13.497000,,0.0,16.09,16.09
479,1.10913,1.10897,Dom Maklerski Banku Ochrony Srodowiska S.A.,2019-12-03 17:05:13.526000,2019-12-03 17:05:13.538092,DEMO,ZMQ,EURUSD,MT4,2019-12-03 17:05:13.526000,MM,0.0,12.092,12.092
480,1.10911,1.10901,International Capital Markets Pty Ltd.,2019-12-03 17:05:13.608000,2019-12-03 17:05:13.611091,,ZMQ,EURUSD,MT4,2019-12-03 17:05:13.608000,,0.0,3.091,3.091
481,1.10913,1.10897,Dom Maklerski Banku Ochrony Srodowiska S.A.,2019-12-03 17:05:13.638000,2019-12-03 17:05:13.641091,DEMO,ZMQ,EURUSD,MT4,2019-12-03 17:05:13.638000,MM,0.0,3.091,3.091
482,1.10911,1.10901,International Capital Markets Pty Ltd.,2019-12-03 17:05:13.715000,2019-12-03 17:05:13.719091,,ZMQ,EURUSD,MT4,2019-12-03 17:05:13.715000,,0.0,4.091,4.091
483,1.10913,1.10897,Dom Maklerski Banku Ochrony Srodowiska S.A.,2019-12-03 17:05:13.749000,2019-12-03 17:05:13.752091,DEMO,ZMQ,EURUSD,MT4,2019-12-03 17:05:13.749000,MM,0.0,3.091,3.091
484,1.10911,1.10901,International Capital Markets Pty Ltd.,2019-12-03 17:05:13.824000,2019-12-03 17:05:13.827120,,ZMQ,EURUSD,MT4,2019-12-03 17:05:13.824000,,0.0,3.12,3.12
485,1.10913,1.10897,Dom Maklerski Banku Ochrony Srodowiska S.A.,2019-12-03 17:05:13.853000,2019-12-03 17:05:13.857091,DEMO,ZMQ,EURUSD,MT4,2019-12-03 17:05:13.853000,MM,0.0,4.091,4.091
486,1.10911,1.10901,International Capital Markets Pty Ltd.,2019-12-03 17:05:13.936000,2019-12-03 17:05:13.939090,,ZMQ,EURUSD,MT4,2019-12-03 17:05:13.936000,,0.0,3.09,3.09
487,1.10913,1.10897,Dom Maklerski Banku Ochrony Srodowiska S.A.,2019-12-03 17:05:13.964000,2019-12-03 17:05:13.968090,DEMO,ZMQ,EURUSD,MT4,2019-12-03 17:05:13.964000,MM,0.0,4.09,4.09
488,1.10911,1.10901,International Capital Markets Pty Ltd.,2019-12-03 17:05:14.042000,2019-12-03 17:05:14.045121,,ZMQ,EURUSD,MT4,2019-12-03 17:05:14.042000,,0.0,3.121,3.121
489,1.10913,1.10897,Dom Maklerski Banku Ochrony Srodowiska S.A.,2019-12-03 17:05:14.073000,2019-12-03 17:05:14.076091,DEMO,ZMQ,EURUSD,MT4,2019-12-03 17:05:14.073000,MM,0.0,3.091,3.091
490,1.10911,1.10901,International Capital Markets Pty Ltd.,2019-12-03 17:05:14.155000,2019-12-03 17:05:14.158091,,ZMQ,EURUSD,MT4,2019-12-03 17:05:14.155000,,0.0,3.091,3.091
491,1.10913,1.10897,Dom Maklerski Banku Ochrony Srodowiska S.A.,2019-12-03 17:05:14.184000,2019-12-03 17:05:14.187091,DEMO,ZMQ,EURUSD,MT4,2019-12-03 17:05:14.184000,MM,0.0,3.091,3.091
492,1.10911,1.10901,International Capital Markets Pty Ltd.,2019-12-03 17:05:14.263000,2019-12-03 17:05:14.267116,,ZMQ,EURUSD,MT4,2019-12-03 17:05:14.263000,,0.0,4.116,4.116
493,1.10913,1.10897,Dom Maklerski Banku Ochrony Srodowiska S.A.,2019-12-03 17:05:14.291000,2019-12-03 17:05:14.294091,DEMO,ZMQ,EURUSD,MT4,2019-12-03 17:05:14.291000,MM,0.0,3.091,3.091
494,1.10911,1.10901,International Capital Markets Pty Ltd.,2019-12-03 17:05:14.372000,2019-12-03 17:05:14.375091,,ZMQ,EURUSD,MT4,2019-12-03 17:05:14.372000,,0.0,3.091,3.091
495,1.10913,1.10897,Dom Maklerski Banku Ochrony Srodowiska S.A.,2019-12-03 17:05:14.409000,2019-12-03 17:05:14.412091,DEMO,ZMQ,EURUSD,MT4,2019-12-03 17:05:14.409000,MM,0.0,3.091,3.091
496,1.10911,1.10901,International Capital Markets Pty Ltd.,2019-12-03 17:05:14.483000,2019-12-03 17:05:14.486090,,ZMQ,EURUSD,MT4,2019-12-03 17:05:14.483000,,0.0,3.09,3.09
497,1.10913,1.10897,Dom Maklerski Banku Ochrony Srodowiska S.A.,2019-12-03 17:05:14.512000,2019-12-03 17:05:14.515091,DEMO,ZMQ,EURUSD,MT4,2019-12-03 17:05:14.512000,MM,0.0,3.091,3.091
498,1.10911,1.10901,International Capital Markets Pty Ltd.,2019-12-03 17:05:14.592000,2019-12-03 17:05:14.595091,,ZMQ,EURUSD,MT4,2019-12-03 17:05:14.592000,,0.0,3.091,3.091
499,1.10913,1.10897,Dom Maklerski Banku Ochrony Srodowiska S.A.,2019-12-03 17:05:14.620000,2019-12-03 17:05:14.624091,DEMO,ZMQ,EURUSD,MT4,2019-12-03 17:05:14.620000,MM,0.0,4.091,4.091
500,1.10911,1.10901,International Capital Markets Pty Ltd.,2019-12-03 17:05:14.705000,2019-12-03 17:05:14.708091,,ZMQ,EURUSD,MT4,2019-12-03 17:05:14.705000,,0.0,3.091,3.091
501,1.10913,1.10897,Dom Maklerski Banku Ochrony Srodowiska S.A.,2019-12-03 17:05:14.734000,2019-12-03 17:05:14.738091,DEMO,ZMQ,EURUSD,MT4,2019-12-03 17:05:14.734000,MM,0.0,4.091,4.091
502,1.10911,1.10901,International Capital Markets Pty Ltd.,2019-12-03 17:05:14.809000,2019-12-03 17:05:14.812091,,ZMQ,EURUSD,MT4,2019-12-03 17:05:14.809000,,0.0,3.091,3.091
503,1.10913,1.10897,Dom Maklerski Banku Ochrony Srodowiska S.A.,2019-12-03 17:05:14.844000,2019-12-03 17:05:14.848091,DEMO,ZMQ,EURUSD,MT4,2019-12-03 17:05:14.844000,MM,0.0,4.091,4.091
504,1.10911,1.10901,International Capital Markets Pty Ltd.,2019-12-03 17:05:14.920000,2019-12-03 17:05:14.923091,,ZMQ,EURUSD,MT4,2019-12-03 17:05:14.920000,,0.0,3.091,3.091
505,1.10913,1.10897,Dom Maklerski Banku Ochrony Srodowiska S.A.,2019-12-03 17:05:14.947000,2019-12-03 17:05:14.950091,DEMO,ZMQ,EURUSD,MT4,2019-12-03 17:05:14.947000,MM,0.0,3.091,3.091
506,1.10911,1.10901,International Capital Markets Pty Ltd.,2019-12-03 17:05:15.026000,2019-12-03 17:05:15.029090,,ZMQ,EURUSD,MT4,2019-12-03 17:05:15.026000,,0.0,3.09,3.09
507,1.10913,1.10897,Dom Maklerski Banku Ochrony Srodowiska S.A.,2019-12-03 17:05:15.060000,2019-12-03 17:05:15.063091,DEMO,ZMQ,EURUSD,MT4,2019-12-03 17:05:15.060000,MM,0.0,3.091,3.091
508,1.10911,1.10901,International Capital Markets Pty Ltd.,2019-12-03 17:05:15.138000,2019-12-03 17:05:15.141090,,ZMQ,EURUSD,MT4,2019-12-03 17:05:15.138000,,0.0,3.09,3.09
509,1.10913,1.10897,Dom Maklerski Banku Ochrony Srodowiska S.A.,2019-12-03 17:05:15.166000,2019-12-03 17:05:15.169091,DEMO,ZMQ,EURUSD,MT4,2019-12-03 17:05:15.166000,MM,0.0,3.091,3.091
510,1.10911,1.10901,International Capital Markets Pty Ltd.,2019-12-03 17:05:15.247000,2019-12-03 17:05:15.250091,,ZMQ,EURUSD,MT4,2019-12-03 17:05:15.247000,,0.0,3.091,3.091
511,1.10913,1.10897,Dom Maklerski Banku Ochrony Srodowiska S.A.,2019-12-03 17:05:15.277000,2019-12-03 17:05:15.281091,DEMO,ZMQ,EURUSD,MT4,2019-12-03 17:05:15.277000,MM,0.0,4.091,4.091
512,1.10911,1.10901,International Capital Markets Pty Ltd.,2019-12-03 17:05:15.356000,2019-12-03 17:05:15.359091,,ZMQ,EURUSD,MT4,2019-12-03 17:05:15.356000,,0.0,3.091,3.091
513,1.10913,1.10897,Dom Maklerski Banku Ochrony Srodowiska S.A.,2019-12-03 17:05:15.391000,2019-12-03 17:05:15.394116,DEMO,ZMQ,EURUSD,MT4,2019-12-03 17:05:15.391000,MM,0.0,3.116,3.116
514,1.10911,1.10901,International Capital Markets Pty Ltd.,2019-12-03 17:05:15.464000,2019-12-03 17:05:15.467091,,ZMQ,EURUSD,MT4,2019-12-03 17:05:15.464000,,0.0,3.091,3.091
515,1.10913,1.10897,Dom Maklerski Banku Ochrony Srodowiska S.A.,2019-12-03 17:05:15.499000,2019-12-03 17:05:15.502091,DEMO,ZMQ,EURUSD,MT4,2019-12-03 17:05:15.499000,MM,0.0,3.091,3.091
516,1.10911,1.10901,International Capital Markets Pty Ltd.,2019-12-03 17:05:15.573000,2019-12-03 17:05:15.576091,,ZMQ,EURUSD,MT4,2019-12-03 17:05:15.573000,,0.0,3.091,3.091
517,1.10913,1.10897,Dom Maklerski Banku Ochrony Srodowiska S.A.,2019-12-03 17:05:15.603000,2019-12-03 17:05:15.607091,DEMO,ZMQ,EURUSD,MT4,2019-12-03 17:05:15.603000,MM,0.0,4.091,4.091
518,1.10911,1.10901,International Capital Markets Pty Ltd.,2019-12-03 17:05:15.684000,2019-12-03 17:05:15.688090,,ZMQ,EURUSD,MT4,2019-12-03 17:05:15.684000,,0.0,4.09,4.09
519,1.10913,1.10897,Dom Maklerski Banku Ochrony Srodowiska S.A.,2019-12-03 17:05:15.713000,2019-12-03 17:05:15.716090,DEMO,ZMQ,EURUSD,MT4,2019-12-03 17:05:15.713000,MM,0.0,3.09,3.09
520,1.10911,1.10901,International Capital Markets Pty Ltd.,2019-12-03 17:05:15.792000,2019-12-03 17:05:15.795091,,ZMQ,EURUSD,MT4,2019-12-03 17:05:15.792000,,0.0,3.091,3.091
521,1.10913,1.10897,Dom Maklerski Banku Ochrony Srodowiska S.A.,2019-12-03 17:05:15.823000,2019-12-03 17:05:15.827091,DEMO,ZMQ,EURUSD,MT4,2019-12-03 17:05:15.823000,MM,0.0,4.091,4.091
522,1.10911,1.10901,International Capital Markets Pty Ltd.,2019-12-03 17:05:15.907000,2019-12-03 17:05:15.911091,,ZMQ,EURUSD,MT4,2019-12-03 17:05:15.907000,,0.0,4.091,4.091
523,1.10913,1.10897,Dom Maklerski Banku Ochrony Srodowiska S.A.,2019-12-03 17:05:15.937000,2019-12-03 17:05:15.940091,DEMO,ZMQ,EURUSD,MT4,2019-12-03 17:05:15.937000,MM,0.0,3.091,3.091
524,1.10911,1.10901,International Capital Markets Pty Ltd.,2019-12-03 17:05:16.015000,2019-12-03 17:05:16.018091,,ZMQ,EURUSD,MT4,2019-12-03 17:05:16.015000,,0.0,3.091,3.091
525,1.10913,1.10897,Dom Maklerski Banku Ochrony Srodowiska S.A.,2019-12-03 17:05:16.044000,2019-12-03 17:05:16.048115,DEMO,ZMQ,EURUSD,MT4,2019-12-03 17:05:16.044000,MM,0.0,4.115,4.115
526,1.10911,1.10901,International Capital Markets Pty Ltd.,2019-12-03 17:05:16.121000,2019-12-03 17:05:16.124090,,ZMQ,EURUSD,MT4,2019-12-03 17:05:16.121000,,0.0,3.09,3.09
527,1.10913,1.10897,Dom Maklerski Banku Ochrony Srodowiska S.A.,2019-12-03 17:05:16.162000,2019-12-03 17:05:16.166095,DEMO,ZMQ,EURUSD,MT4,2019-12-03 17:05:16.162000,MM,0.0,4.095,4.095
528,1.10911,1.10901,International Capital Markets Pty Ltd.,2019-12-03 17:05:16.228000,2019-12-03 17:05:16.231091,,ZMQ,EURUSD,MT4,2019-12-03 17:05:16.228000,,0.0,3.091,3.091
529,1.10913,1.10897,Dom Maklerski Banku Ochrony Srodowiska S.A.,2019-12-03 17:05:16.262000,2019-12-03 17:05:16.265090,DEMO,ZMQ,EURUSD,MT4,2019-12-03 17:05:16.262000,MM,0.0,3.09,3.09
530,1.10911,1.10901,International Capital Markets Pty Ltd.,2019-12-03 17:05:16.338000,2019-12-03 17:05:16.341091,,ZMQ,EURUSD,MT4,2019-12-03 17:05:16.338000,,0.0,3.091,3.091
531,1.10913,1.10897,Dom Maklerski Banku Ochrony Srodowiska S.A.,2019-12-03 17:05:16.370000,2019-12-03 17:05:16.373115,DEMO,ZMQ,EURUSD,MT4,2019-12-03 17:05:16.370000,MM,0.0,3.115,3.115
532,1.10911,1.10901,International Capital Markets Pty Ltd.,2019-12-03 17:05:16.456000,2019-12-03 17:05:16.460094,,ZMQ,EURUSD,MT4,2019-12-03 17:05:16.456000,,0.0,4.094,4.094
533,1.10913,1.10897,Dom Maklerski Banku Ochrony Srodowiska S.A.,2019-12-03 17:05:16.484000,2019-12-03 17:05:16.487091,DEMO,ZMQ,EURUSD,MT4,2019-12-03 17:05:16.484000,MM,0.0,3.091,3.091
534,1.10911,1.10901,International Capital Markets Pty Ltd.,2019-12-03 17:05:16.560000,2019-12-03 17:05:16.563114,,ZMQ,EURUSD,MT4,2019-12-03 17:05:16.560000,,0.0,3.114,3.114
535,1.10913,1.10897,Dom Maklerski Banku Ochrony Srodowiska S.A.,2019-12-03 17:05:16.589000,2019-12-03 17:05:16.592092,DEMO,ZMQ,EURUSD,MT4,2019-12-03 17:05:16.589000,MM,0.0,3.092,3.092
536,1.10911,1.10901,International Capital Markets Pty Ltd.,2019-12-03 17:05:16.670000,2019-12-03 17:05:16.674090,,ZMQ,EURUSD,MT4,2019-12-03 17:05:16.670000,,0.0,4.09,4.09
537,1.10913,1.10897,Dom Maklerski Banku Ochrony Srodowiska S.A.,2019-12-03 17:05:16.701000,2019-12-03 17:05:16.704091,DEMO,ZMQ,EURUSD,MT4,2019-12-03 17:05:16.701000,MM,0.0,3.091,3.091
538,1.10911,1.10901,International Capital Markets Pty Ltd.,2019-12-03 17:05:16.776000,2019-12-03 17:05:16.779110,,ZMQ,EURUSD,MT4,2019-12-03 17:05:16.776000,,0.0,3.11,3.11
539,1.10913,1.10897,Dom Maklerski Banku Ochrony Srodowiska S.A.,2019-12-03 17:05:16.812000,2019-12-03 17:05:16.815117,DEMO,ZMQ,EURUSD,MT4,2019-12-03 17:05:16.812000,MM,0.0,3.117,3.117
540,1.10911,1.10901,International Capital Markets Pty Ltd.,2019-12-03 17:05:16.885000,2019-12-03 17:05:16.888091,,ZMQ,EURUSD,MT4,2019-12-03 17:05:16.885000,,0.0,3.091,3.091
541,1.10913,1.10897,Dom Maklerski Banku Ochrony Srodowiska S.A.,2019-12-03 17:05:16.921000,2019-12-03 17:05:16.924091,DEMO,ZMQ,EURUSD,MT4,2019-12-03 17:05:16.921000,MM,0.0,3.091,3.091
542,1.10911,1.10901,International Capital Markets Pty Ltd.,2019-12-03 17:05:17.000000,2019-12-03 17:05:17.003114,,ZMQ,EURUSD,MT4,2019-12-03 17:05:17.000000,,0.0,3.114,3.114
543,1.10913,1.10897,Dom Maklerski Banku Ochrony Srodowiska S.A.,2019-12-03 17:05:17.030000,2019-12-03 17:05:17.033091,DEMO,ZMQ,EURUSD,MT4,2019-12-03 17:05:17.030000,MM,0.0,3.091,3.091
544,1.10911,1.10901,International Capital Markets Pty Ltd.,2019-12-03 17:05:17.103000,2019-12-03 17:05:17.106091,,ZMQ,EURUSD,MT4,2019-12-03 17:05:17.103000,,0.0,3.091,3.091
