,Creation Time,Terminal Time,Current Time,X,Y,Z,Bid,Ask,TypeBroker,BrokerName,DR,Terminal,Protocol,Symbol
0,2020-04-23 00:34:57.775000,2020-04-23 00:34:57.785000,2020-04-23 00:35:54.194006,10.0,56409.006,56419.006,1.08103,1.08108,MM,MetaQuotes Software Corp.,DEMO,MT5,ZMQ,EURUSD
1,2020-04-23 00:34:57.876000,2020-04-23 00:34:57.886000,2020-04-23 00:35:54.217552,10.0,56331.552,56341.552,1.08103,1.08108,MM,MetaQuotes Software Corp.,DEMO,MT5,ZMQ,EURUSD
2,2020-04-23 00:34:57.976000,2020-04-23 00:34:57.986000,2020-04-23 00:35:54.243338,10.0,56257.338,56267.338,1.08103,1.08108,MM,MetaQuotes Software Corp.,DEMO,MT5,ZMQ,EURUSD
3,2020-04-23 00:34:58.075000,2020-04-23 00:34:58.085000,2020-04-23 00:35:54.267479,10.0,56182.479,56192.479,1.08103,1.08108,MM,MetaQuotes Software Corp.,DEMO,MT5,ZMQ,EURUSD
4,2020-04-23 00:34:58.175000,2020-04-23 00:34:58.185000,2020-04-23 00:35:54.292566,10.0,56107.566,56117.566,1.08103,1.08108,MM,MetaQuotes Software Corp.,DEMO,MT5,ZMQ,EURUSD
5,2020-04-23 00:34:58.276000,2020-04-23 00:34:58.286000,2020-04-23 00:35:54.316602,10.0,56030.602,56040.602,1.08103,1.08108,MM,MetaQuotes Software Corp.,DEMO,MT5,ZMQ,EURUSD
6,2020-04-23 00:34:58.375000,2020-04-23 00:34:58.385000,2020-04-23 00:35:54.341702,10.0,55956.702,55966.702,1.08103,1.08108,MM,MetaQuotes Software Corp.,DEMO,MT5,ZMQ,EURUSD
7,2020-04-23 00:34:58.475000,2020-04-23 00:34:58.485000,2020-04-23 00:35:54.365988,10.0,55880.988,55890.988,1.08103,1.08108,MM,MetaQuotes Software Corp.,DEMO,MT5,ZMQ,EURUSD
8,2020-04-23 00:34:58.576000,2020-04-23 00:34:58.586000,2020-04-23 00:35:54.390767,10.0,55804.767,55814.767,1.08103,1.08108,MM,MetaQuotes Software Corp.,DEMO,MT5,ZMQ,EURUSD
9,2020-04-23 00:34:58.675000,2020-04-23 00:34:58.685000,2020-04-23 00:35:54.414567,10.0,55729.567,55739.567,1.08103,1.08108,MM,MetaQuotes Software Corp.,DEMO,MT5,ZMQ,EURUSD
10,2020-04-23 00:34:58.775000,2020-04-23 00:34:58.785000,2020-04-23 00:35:54.438268,10.0,55653.268,55663.268,1.08103,1.08108,MM,MetaQuotes Software Corp.,DEMO,MT5,ZMQ,EURUSD
11,2020-04-23 00:34:58.875000,2020-04-23 00:34:58.885000,2020-04-23 00:35:54.461376,10.0,55576.376,55586.376,1.08103,1.08108,MM,MetaQuotes Software Corp.,DEMO,MT5,ZMQ,EURUSD
12,2020-04-23 00:34:58.975000,2020-04-23 00:34:58.985000,2020-04-23 00:35:54.488065,10.0,55503.065,55513.065,1.08103,1.08108,MM,MetaQuotes Software Corp.,DEMO,MT5,ZMQ,EURUSD
13,2020-04-23 00:34:59.075000,2020-04-23 00:34:59.085000,2020-04-23 00:35:54.512930,10.0,55427.93,55437.93,1.08103,1.08108,MM,MetaQuotes Software Corp.,DEMO,MT5,ZMQ,EURUSD
14,2020-04-23 00:34:59.175000,2020-04-23 00:34:59.185000,2020-04-23 00:35:54.537469,10.0,55352.469,55362.469,1.08103,1.08108,MM,MetaQuotes Software Corp.,DEMO,MT5,ZMQ,EURUSD
15,2020-04-23 00:34:59.275000,2020-04-23 00:34:59.285000,2020-04-23 00:35:54.562422,10.0,55277.422,55287.422,1.08103,1.08108,MM,MetaQuotes Software Corp.,DEMO,MT5,ZMQ,EURUSD
16,2020-04-23 00:34:59.375000,2020-04-23 00:34:59.385000,2020-04-23 00:35:54.586930,10.0,55201.93,55211.93,1.08103,1.08108,MM,MetaQuotes Software Corp.,DEMO,MT5,ZMQ,EURUSD
17,2020-04-23 00:34:59.475000,2020-04-23 00:34:59.485000,2020-04-23 00:35:54.611215,10.0,55126.215,55136.215,1.08103,1.08108,MM,MetaQuotes Software Corp.,DEMO,MT5,ZMQ,EURUSD
18,2020-04-23 00:34:59.575000,2020-04-23 00:34:59.585000,2020-04-23 00:35:54.635506,10.0,55050.506,55060.506,1.08103,1.08108,MM,MetaQuotes Software Corp.,DEMO,MT5,ZMQ,EURUSD
19,2020-04-23 00:34:59.675000,2020-04-23 00:34:59.685000,2020-04-23 00:35:54.660064,10.0,54975.064,54985.064,1.08103,1.08108,MM,MetaQuotes Software Corp.,DEMO,MT5,ZMQ,EURUSD
20,2020-04-23 00:34:59.775000,2020-04-23 00:34:59.785000,2020-04-23 00:35:54.684179,10.0,54899.179,54909.179,1.08103,1.08108,MM,MetaQuotes Software Corp.,DEMO,MT5,ZMQ,EURUSD
21,2020-04-23 00:34:59.875000,2020-04-23 00:34:59.885000,2020-04-23 00:35:54.708601,10.0,54823.601,54833.601,1.08103,1.08108,MM,MetaQuotes Software Corp.,DEMO,MT5,ZMQ,EURUSD
22,2020-04-23 00:34:59.976000,2020-04-23 00:34:59.986000,2020-04-23 00:35:54.732973,10.0,54746.973,54756.973,1.08103,1.08108,MM,MetaQuotes Software Corp.,DEMO,MT5,ZMQ,EURUSD
23,2020-04-23 00:35:00.075000,2020-04-23 00:35:00.085000,2020-04-23 00:35:54.757415,10.0,54672.415,54682.415,1.08103,1.08108,MM,MetaQuotes Software Corp.,DEMO,MT5,ZMQ,EURUSD
24,2020-04-23 00:35:00.175000,2020-04-23 00:35:00.185000,2020-04-23 00:35:54.782347,10.0,54597.347,54607.347,1.08103,1.08108,MM,MetaQuotes Software Corp.,DEMO,MT5,ZMQ,EURUSD
25,2020-04-23 00:35:00.205000,2020-04-23 00:35:00.215000,2020-04-23 00:35:54.806921,10.0,54591.921,54601.921,1.08103,1.08108,MM,MetaQuotes Software Corp.,DEMO,MT5,ZMQ,EURUSD
26,2020-04-23 00:35:00.274000,2020-04-23 00:35:00.284000,2020-04-23 00:35:54.831300,10.0,54547.3,54557.3,1.08103,1.08108,MM,MetaQuotes Software Corp.,DEMO,MT5,ZMQ,EURUSD
27,2020-04-23 00:35:00.375000,2020-04-23 00:35:00.385000,2020-04-23 00:35:54.855837,10.0,54470.837,54480.837,1.08103,1.08108,MM,MetaQuotes Software Corp.,DEMO,MT5,ZMQ,EURUSD
28,2020-04-23 00:35:00.476000,2020-04-23 00:35:00.486000,2020-04-23 00:35:54.880320,10.0,54394.32,54404.32,1.08103,1.08108,MM,MetaQuotes Software Corp.,DEMO,MT5,ZMQ,EURUSD
29,2020-04-23 00:35:00.575000,2020-04-23 00:35:00.585000,2020-04-23 00:35:54.904710,10.0,54319.71,54329.71,1.08103,1.08108,MM,MetaQuotes Software Corp.,DEMO,MT5,ZMQ,EURUSD
30,2020-04-23 00:35:00.675000,2020-04-23 00:35:00.685000,2020-04-23 00:35:54.930257,10.0,54245.257,54255.257,1.08103,1.08108,MM,MetaQuotes Software Corp.,DEMO,MT5,ZMQ,EURUSD
31,2020-04-23 00:35:00.774000,2020-04-23 00:35:00.784000,2020-04-23 00:35:54.954289,10.0,54170.289,54180.289,1.08103,1.08108,MM,MetaQuotes Software Corp.,DEMO,MT5,ZMQ,EURUSD
32,2020-04-23 00:35:00.875000,2020-04-23 00:35:00.885000,2020-04-23 00:35:54.977494,10.0,54092.494,54102.494,1.08103,1.08108,MM,MetaQuotes Software Corp.,DEMO,MT5,ZMQ,EURUSD
33,2020-04-23 00:35:00.974000,2020-04-23 00:35:00.984000,2020-04-23 00:35:55.000609,10.0,54016.609,54026.609,1.08103,1.08108,MM,MetaQuotes Software Corp.,DEMO,MT5,ZMQ,EURUSD
34,2020-04-23 00:35:01.075000,2020-04-23 00:35:01.085000,2020-04-23 00:35:55.026395,10.0,53941.395,53951.395,1.08103,1.08108,MM,MetaQuotes Software Corp.,DEMO,MT5,ZMQ,EURUSD
35,2020-04-23 00:35:01.175000,2020-04-23 00:35:01.185000,2020-04-23 00:35:55.051141,10.0,53866.141,53876.141,1.08103,1.08108,MM,MetaQuotes Software Corp.,DEMO,MT5,ZMQ,EURUSD
36,2020-04-23 00:35:01.253000,2020-04-23 00:35:01.263000,2020-04-23 00:35:55.075723,10.0,53812.723,53822.723,1.08105,1.08109,MM,MetaQuotes Software Corp.,DEMO,MT5,ZMQ,EURUSD
37,2020-04-23 00:35:01.275000,2020-04-23 00:35:01.285000,2020-04-23 00:35:55.100198,10.0,53815.198,53825.198,1.08105,1.08109,MM,MetaQuotes Software Corp.,DEMO,MT5,ZMQ,EURUSD
38,2020-04-23 00:35:01.330000,2020-04-23 00:35:01.340000,2020-04-23 00:35:55.125296,10.0,53785.296,53795.296,1.08105,1.0811,MM,MetaQuotes Software Corp.,DEMO,MT5,ZMQ,EURUSD
39,2020-04-23 00:35:01.367000,2020-04-23 00:35:01.377000,2020-04-23 00:35:55.150151,10.0,53773.151,53783.151,1.08106,1.0811,MM,MetaQuotes Software Corp.,DEMO,MT5,ZMQ,EURUSD
40,2020-04-23 00:35:01.373000,2020-04-23 00:35:01.383000,2020-04-23 00:35:55.174986,10.0,53791.986,53801.986,1.08106,1.0811,MM,MetaQuotes Software Corp.,DEMO,MT5,ZMQ,EURUSD
41,2020-04-23 00:35:01.474000,2020-04-23 00:35:01.484000,2020-04-23 00:35:55.199327,10.0,53715.327,53725.327,1.08106,1.0811,MM,MetaQuotes Software Corp.,DEMO,MT5,ZMQ,EURUSD
42,2020-04-23 00:35:01.504000,2020-04-23 00:35:01.514000,2020-04-23 00:35:55.223673,10.0,53709.673,53719.673,1.08107,1.0811,MM,MetaQuotes Software Corp.,DEMO,MT5,ZMQ,EURUSD
43,2020-04-23 00:35:01.574000,2020-04-23 00:35:01.584000,2020-04-23 00:35:55.247936,10.0,53663.936,53673.936,1.08107,1.0811,MM,MetaQuotes Software Corp.,DEMO,MT5,ZMQ,EURUSD
44,2020-04-23 00:35:01.586000,2020-04-23 00:35:01.596000,2020-04-23 00:35:55.271097,10.0,53675.097,53685.097,1.08107,1.08111,MM,MetaQuotes Software Corp.,DEMO,MT5,ZMQ,EURUSD
45,2020-04-23 00:35:01.606000,2020-04-23 00:35:01.616000,2020-04-23 00:35:55.294448,10.0,53678.448,53688.448,1.08108,1.08111,MM,MetaQuotes Software Corp.,DEMO,MT5,ZMQ,EURUSD
46,2020-04-23 00:35:01.675000,2020-04-23 00:35:01.685000,2020-04-23 00:35:55.318059,10.0,53633.059,53643.059,1.08108,1.08111,MM,MetaQuotes Software Corp.,DEMO,MT5,ZMQ,EURUSD
47,2020-04-23 00:35:01.774000,2020-04-23 00:35:01.784000,2020-04-23 00:35:55.342261,10.0,53558.261,53568.261,1.08108,1.08111,MM,MetaQuotes Software Corp.,DEMO,MT5,ZMQ,EURUSD
48,2020-04-23 00:35:01.810000,2020-04-23 00:35:01.820000,2020-04-23 00:35:55.365512,10.0,53545.512,53555.512,1.08108,1.08112,MM,MetaQuotes Software Corp.,DEMO,MT5,ZMQ,EURUSD
49,2020-04-23 00:35:01.874000,2020-04-23 00:35:01.884000,2020-04-23 00:35:55.390900,10.0,53506.9,53516.9,1.08108,1.08112,MM,MetaQuotes Software Corp.,DEMO,MT5,ZMQ,EURUSD
50,2020-04-23 00:35:01.973000,2020-04-23 00:35:01.983000,2020-04-23 00:35:55.413941,10.0,53430.941,53440.941,1.08108,1.08112,MM,MetaQuotes Software Corp.,DEMO,MT5,ZMQ,EURUSD
51,2020-04-23 00:35:02.074000,2020-04-23 00:35:02.084000,2020-04-23 00:35:55.437097,10.0,53353.097,53363.097,1.08108,1.08112,MM,MetaQuotes Software Corp.,DEMO,MT5,ZMQ,EURUSD
52,2020-04-23 00:35:02.174000,2020-04-23 00:35:02.184000,2020-04-23 00:35:55.460112,10.0,53276.112,53286.112,1.08108,1.08112,MM,MetaQuotes Software Corp.,DEMO,MT5,ZMQ,EURUSD
53,2020-04-23 00:35:02.274000,2020-04-23 00:35:02.284000,2020-04-23 00:35:55.483079,10.0,53199.079,53209.079,1.08108,1.08112,MM,MetaQuotes Software Corp.,DEMO,MT5,ZMQ,EURUSD
54,2020-04-23 00:35:02.374000,2020-04-23 00:35:02.384000,2020-04-23 00:35:55.505950,10.0,53121.95,53131.95,1.08108,1.08112,MM,MetaQuotes Software Corp.,DEMO,MT5,ZMQ,EURUSD
55,2020-04-23 00:35:02.475000,2020-04-23 00:35:02.485000,2020-04-23 00:35:55.529462,10.0,53044.462,53054.462,1.08108,1.08112,MM,MetaQuotes Software Corp.,DEMO,MT5,ZMQ,EURUSD
56,2020-04-23 00:35:02.575000,2020-04-23 00:35:02.585000,2020-04-23 00:35:55.553986,10.0,52968.986,52978.986,1.08108,1.08112,MM,MetaQuotes Software Corp.,DEMO,MT5,ZMQ,EURUSD
57,2020-04-23 00:35:02.675000,2020-04-23 00:35:02.685000,2020-04-23 00:35:55.577069,10.0,52892.069,52902.069,1.08108,1.08112,MM,MetaQuotes Software Corp.,DEMO,MT5,ZMQ,EURUSD
58,2020-04-23 00:35:02.773000,2020-04-23 00:35:02.783000,2020-04-23 00:35:55.600276,10.0,52817.276,52827.276,1.08108,1.08112,MM,MetaQuotes Software Corp.,DEMO,MT5,ZMQ,EURUSD
59,2020-04-23 00:35:02.873000,2020-04-23 00:35:02.883000,2020-04-23 00:35:55.623364,10.0,52740.364,52750.364,1.08108,1.08112,MM,MetaQuotes Software Corp.,DEMO,MT5,ZMQ,EURUSD
60,2020-04-23 00:35:02.975000,2020-04-23 00:35:02.985000,2020-04-23 00:35:55.646352,10.0,52661.352,52671.352,1.08108,1.08112,MM,MetaQuotes Software Corp.,DEMO,MT5,ZMQ,EURUSD
61,2020-04-23 00:35:03.073000,2020-04-23 00:35:03.083000,2020-04-23 00:35:55.669392,10.0,52586.392,52596.392,1.08108,1.08112,MM,MetaQuotes Software Corp.,DEMO,MT5,ZMQ,EURUSD
62,2020-04-23 00:35:03.174000,2020-04-23 00:35:03.184000,2020-04-23 00:35:55.692623,10.0,52508.623,52518.623,1.08108,1.08112,MM,MetaQuotes Software Corp.,DEMO,MT5,ZMQ,EURUSD
63,2020-04-23 00:35:03.275000,2020-04-23 00:35:03.285000,2020-04-23 00:35:55.715512,10.0,52430.512,52440.512,1.08108,1.08112,MM,MetaQuotes Software Corp.,DEMO,MT5,ZMQ,EURUSD
64,2020-04-23 00:35:03.374000,2020-04-23 00:35:03.384000,2020-04-23 00:35:55.739031,10.0,52355.031,52365.031,1.08108,1.08112,MM,MetaQuotes Software Corp.,DEMO,MT5,ZMQ,EURUSD
65,2020-04-23 00:35:03.473000,2020-04-23 00:35:03.483000,2020-04-23 00:35:55.762448,10.0,52279.448,52289.448,1.08108,1.08112,MM,MetaQuotes Software Corp.,DEMO,MT5,ZMQ,EURUSD
66,2020-04-23 00:35:03.574000,2020-04-23 00:35:03.584000,2020-04-23 00:35:55.785997,10.0,52201.997,52211.997,1.08108,1.08112,MM,MetaQuotes Software Corp.,DEMO,MT5,ZMQ,EURUSD
67,2020-04-23 00:35:03.674000,2020-04-23 00:35:03.684000,2020-04-23 00:35:55.809501,10.0,52125.501,52135.501,1.08108,1.08112,MM,MetaQuotes Software Corp.,DEMO,MT5,ZMQ,EURUSD
68,2020-04-23 00:35:03.773000,2020-04-23 00:35:03.783000,2020-04-23 00:35:55.833086,10.0,52050.086,52060.086,1.08108,1.08112,MM,MetaQuotes Software Corp.,DEMO,MT5,ZMQ,EURUSD
69,2020-04-23 00:35:03.874000,2020-04-23 00:35:03.884000,2020-04-23 00:35:55.856347,10.0,51972.347,51982.347,1.08108,1.08112,MM,MetaQuotes Software Corp.,DEMO,MT5,ZMQ,EURUSD
70,2020-04-23 00:35:03.973000,2020-04-23 00:35:03.983000,2020-04-23 00:35:55.879634,10.0,51896.634,51906.634,1.08108,1.08112,MM,MetaQuotes Software Corp.,DEMO,MT5,ZMQ,EURUSD
71,2020-04-23 00:35:04.074000,2020-04-23 00:35:04.084000,2020-04-23 00:35:55.902826,10.0,51818.826,51828.826,1.08108,1.08112,MM,MetaQuotes Software Corp.,DEMO,MT5,ZMQ,EURUSD
72,2020-04-23 00:35:04.174000,2020-04-23 00:35:04.184000,2020-04-23 00:35:55.925951,10.0,51741.951,51751.951,1.08108,1.08112,MM,MetaQuotes Software Corp.,DEMO,MT5,ZMQ,EURUSD
73,2020-04-23 00:35:04.274000,2020-04-23 00:35:04.284000,2020-04-23 00:35:55.949521,10.0,51665.521,51675.521,1.08108,1.08112,MM,MetaQuotes Software Corp.,DEMO,MT5,ZMQ,EURUSD
74,2020-04-23 00:35:04.373000,2020-04-23 00:35:04.383000,2020-04-23 00:35:55.972947,10.0,51589.947,51599.947,1.08108,1.08112,MM,MetaQuotes Software Corp.,DEMO,MT5,ZMQ,EURUSD
75,2020-04-23 00:35:04.473000,2020-04-23 00:35:04.483000,2020-04-23 00:35:55.996565,10.0,51513.565,51523.565,1.08108,1.08112,MM,MetaQuotes Software Corp.,DEMO,MT5,ZMQ,EURUSD
76,2020-04-23 00:35:04.573000,2020-04-23 00:35:04.583000,2020-04-23 00:35:56.020199,10.0,51437.199,51447.199,1.08108,1.08112,MM,MetaQuotes Software Corp.,DEMO,MT5,ZMQ,EURUSD
77,2020-04-23 00:35:04.672000,2020-04-23 00:35:04.682000,2020-04-23 00:35:56.043675,10.0,51361.675,51371.675,1.08108,1.08112,MM,MetaQuotes Software Corp.,DEMO,MT5,ZMQ,EURUSD
78,2020-04-23 00:35:04.774000,2020-04-23 00:35:04.784000,2020-04-23 00:35:56.066999,10.0,51282.999,51292.999,1.08108,1.08112,MM,MetaQuotes Software Corp.,DEMO,MT5,ZMQ,EURUSD
79,2020-04-23 00:35:04.873000,2020-04-23 00:35:04.883000,2020-04-23 00:35:56.090186,10.0,51207.186,51217.186,1.08108,1.08112,MM,MetaQuotes Software Corp.,DEMO,MT5,ZMQ,EURUSD
80,2020-04-23 00:35:04.974000,2020-04-23 00:35:04.984000,2020-04-23 00:35:56.113385,10.0,51129.385,51139.385,1.08108,1.08112,MM,MetaQuotes Software Corp.,DEMO,MT5,ZMQ,EURUSD
81,2020-04-23 00:35:05.075000,2020-04-23 00:35:05.085000,2020-04-23 00:35:56.136638,10.0,51051.638,51061.638,1.08108,1.08112,MM,MetaQuotes Software Corp.,DEMO,MT5,ZMQ,EURUSD
82,2020-04-23 00:35:05.173000,2020-04-23 00:35:05.183000,2020-04-23 00:35:56.160123,10.0,50977.123,50987.123,1.08108,1.08112,MM,MetaQuotes Software Corp.,DEMO,MT5,ZMQ,EURUSD
83,2020-04-23 00:35:05.272000,2020-04-23 00:35:05.282000,2020-04-23 00:35:56.183807,10.0,50901.807,50911.807,1.08108,1.08112,MM,MetaQuotes Software Corp.,DEMO,MT5,ZMQ,EURUSD
84,2020-04-23 00:35:05.373000,2020-04-23 00:35:05.383000,2020-04-23 00:35:56.207261,10.0,50824.261,50834.261,1.08108,1.08112,MM,MetaQuotes Software Corp.,DEMO,MT5,ZMQ,EURUSD
85,2020-04-23 00:35:05.473000,2020-04-23 00:35:05.483000,2020-04-23 00:35:56.230607,10.0,50747.607,50757.607,1.08108,1.08112,MM,MetaQuotes Software Corp.,DEMO,MT5,ZMQ,EURUSD
86,2020-04-23 00:35:05.573000,2020-04-23 00:35:05.583000,2020-04-23 00:35:56.253911,10.0,50670.911,50680.911,1.08108,1.08112,MM,MetaQuotes Software Corp.,DEMO,MT5,ZMQ,EURUSD
87,2020-04-23 00:35:05.674000,2020-04-23 00:35:05.684000,2020-04-23 00:35:56.277155,10.0,50593.155,50603.155,1.08108,1.08112,MM,MetaQuotes Software Corp.,DEMO,MT5,ZMQ,EURUSD
88,2020-04-23 00:35:05.772000,2020-04-23 00:35:05.782000,2020-04-23 00:35:56.300515,10.0,50518.515,50528.515,1.08108,1.08112,MM,MetaQuotes Software Corp.,DEMO,MT5,ZMQ,EURUSD
89,2020-04-23 00:35:05.873000,2020-04-23 00:35:05.883000,2020-04-23 00:35:56.323843,10.0,50440.843,50450.843,1.08108,1.08112,MM,MetaQuotes Software Corp.,DEMO,MT5,ZMQ,EURUSD
90,2020-04-23 00:35:05.972000,2020-04-23 00:35:05.982000,2020-04-23 00:35:56.347088,10.0,50365.088,50375.088,1.08108,1.08112,MM,MetaQuotes Software Corp.,DEMO,MT5,ZMQ,EURUSD
91,2020-04-23 00:35:06.073000,2020-04-23 00:35:06.083000,2020-04-23 00:35:56.370764,10.0,50287.764,50297.764,1.08108,1.08112,MM,MetaQuotes Software Corp.,DEMO,MT5,ZMQ,EURUSD
92,2020-04-23 00:35:06.172000,2020-04-23 00:35:06.182000,2020-04-23 00:35:56.394157,10.0,50212.157,50222.157,1.08108,1.08112,MM,MetaQuotes Software Corp.,DEMO,MT5,ZMQ,EURUSD
93,2020-04-23 00:35:06.273000,2020-04-23 00:35:06.283000,2020-04-23 00:35:56.417444,10.0,50134.444,50144.444,1.08108,1.08112,MM,MetaQuotes Software Corp.,DEMO,MT5,ZMQ,EURUSD
94,2020-04-23 00:35:06.373000,2020-04-23 00:35:06.383000,2020-04-23 00:35:56.440663,10.0,50057.663,50067.663,1.08108,1.08112,MM,MetaQuotes Software Corp.,DEMO,MT5,ZMQ,EURUSD
95,2020-04-23 00:35:06.473000,2020-04-23 00:35:06.483000,2020-04-23 00:35:56.463850,10.0,49980.85,49990.85,1.08108,1.08112,MM,MetaQuotes Software Corp.,DEMO,MT5,ZMQ,EURUSD
96,2020-04-23 00:35:06.573000,2020-04-23 00:35:06.583000,2020-04-23 00:35:56.487194,10.0,49904.194,49914.194,1.08108,1.08112,MM,MetaQuotes Software Corp.,DEMO,MT5,ZMQ,EURUSD
97,2020-04-23 00:35:06.673000,2020-04-23 00:35:06.683000,2020-04-23 00:35:56.510500,10.0,49827.5,49837.5,1.08108,1.08112,MM,MetaQuotes Software Corp.,DEMO,MT5,ZMQ,EURUSD
98,2020-04-23 00:35:06.772000,2020-04-23 00:35:06.782000,2020-04-23 00:35:56.533701,10.0,49751.701,49761.701,1.08108,1.08112,MM,MetaQuotes Software Corp.,DEMO,MT5,ZMQ,EURUSD
99,2020-04-23 00:35:06.872000,2020-04-23 00:35:06.882000,2020-04-23 00:35:56.556806,10.0,49674.806,49684.806,1.08108,1.08112,MM,MetaQuotes Software Corp.,DEMO,MT5,ZMQ,EURUSD
100,2020-04-23 00:35:06.972000,2020-04-23 00:35:06.982000,2020-04-23 00:35:56.584779,10.0,49602.779,49612.779,1.08108,1.08112,MM,MetaQuotes Software Corp.,DEMO,MT5,ZMQ,EURUSD
101,2020-04-23 00:35:07.072000,2020-04-23 00:35:07.082000,2020-04-23 00:35:56.608095,10.0,49526.095,49536.095,1.08108,1.08112,MM,MetaQuotes Software Corp.,DEMO,MT5,ZMQ,EURUSD
102,2020-04-23 00:35:07.172000,2020-04-23 00:35:07.182000,2020-04-23 00:35:56.631538,10.0,49449.538,49459.538,1.08108,1.08112,MM,MetaQuotes Software Corp.,DEMO,MT5,ZMQ,EURUSD
103,2020-04-23 00:35:07.273000,2020-04-23 00:35:07.283000,2020-04-23 00:35:56.654511,10.0,49371.511,49381.511,1.08108,1.08112,MM,MetaQuotes Software Corp.,DEMO,MT5,ZMQ,EURUSD
104,2020-04-23 00:35:07.372000,2020-04-23 00:35:07.382000,2020-04-23 00:35:56.677790,10.0,49295.79,49305.79,1.08108,1.08112,MM,MetaQuotes Software Corp.,DEMO,MT5,ZMQ,EURUSD
105,2020-04-23 00:35:07.472000,2020-04-23 00:35:07.482000,2020-04-23 00:35:56.700743,10.0,49218.743,49228.743,1.08108,1.08112,MM,MetaQuotes Software Corp.,DEMO,MT5,ZMQ,EURUSD
106,2020-04-23 00:35:07.572000,2020-04-23 00:35:07.582000,2020-04-23 00:35:56.723652,10.0,49141.652,49151.652,1.08108,1.08112,MM,MetaQuotes Software Corp.,DEMO,MT5,ZMQ,EURUSD
107,2020-04-23 00:35:07.672000,2020-04-23 00:35:07.682000,2020-04-23 00:35:56.746614,10.0,49064.614,49074.614,1.08108,1.08112,MM,MetaQuotes Software Corp.,DEMO,MT5,ZMQ,EURUSD
108,2020-04-23 00:35:07.772000,2020-04-23 00:35:07.782000,2020-04-23 00:35:56.769448,10.0,48987.448,48997.448,1.08108,1.08112,MM,MetaQuotes Software Corp.,DEMO,MT5,ZMQ,EURUSD
109,2020-04-23 00:35:07.872000,2020-04-23 00:35:07.882000,2020-04-23 00:35:56.792727,10.0,48910.727,48920.727,1.08108,1.08112,MM,MetaQuotes Software Corp.,DEMO,MT5,ZMQ,EURUSD
110,2020-04-23 00:35:07.972000,2020-04-23 00:35:07.982000,2020-04-23 00:35:56.815766,10.0,48833.766,48843.766,1.08108,1.08112,MM,MetaQuotes Software Corp.,DEMO,MT5,ZMQ,EURUSD
111,2020-04-23 00:35:08.072000,2020-04-23 00:35:08.082000,2020-04-23 00:35:56.839013,10.0,48757.013,48767.013,1.08108,1.08112,MM,MetaQuotes Software Corp.,DEMO,MT5,ZMQ,EURUSD
112,2020-04-23 00:35:08.172000,2020-04-23 00:35:08.182000,2020-04-23 00:35:56.862099,10.0,48680.099,48690.099,1.08108,1.08112,MM,MetaQuotes Software Corp.,DEMO,MT5,ZMQ,EURUSD
113,2020-04-23 00:35:08.272000,2020-04-23 00:35:08.282000,2020-04-23 00:35:56.885090,10.0,48603.09,48613.09,1.08108,1.08112,MM,MetaQuotes Software Corp.,DEMO,MT5,ZMQ,EURUSD
114,2020-04-23 00:35:08.371000,2020-04-23 00:35:08.381000,2020-04-23 00:35:56.908232,10.0,48527.232,48537.232,1.08108,1.08112,MM,MetaQuotes Software Corp.,DEMO,MT5,ZMQ,EURUSD
115,2020-04-23 00:35:08.472000,2020-04-23 00:35:08.482000,2020-04-23 00:35:56.931045,10.0,48449.045,48459.045,1.08108,1.08112,MM,MetaQuotes Software Corp.,DEMO,MT5,ZMQ,EURUSD
116,2020-04-23 00:35:08.571000,2020-04-23 00:35:08.581000,2020-04-23 00:35:56.953874,10.0,48372.874,48382.874,1.08108,1.08112,MM,MetaQuotes Software Corp.,DEMO,MT5,ZMQ,EURUSD
117,2020-04-23 00:35:08.673000,2020-04-23 00:35:08.683000,2020-04-23 00:35:56.976716,10.0,48293.716,48303.716,1.08108,1.08112,MM,MetaQuotes Software Corp.,DEMO,MT5,ZMQ,EURUSD
118,2020-04-23 00:35:08.771000,2020-04-23 00:35:08.781000,2020-04-23 00:35:56.999911,10.0,48218.911,48228.911,1.08108,1.08112,MM,MetaQuotes Software Corp.,DEMO,MT5,ZMQ,EURUSD
119,2020-04-23 00:35:08.871000,2020-04-23 00:35:08.881000,2020-04-23 00:35:57.023058,10.0,48142.058,48152.058,1.08108,1.08112,MM,MetaQuotes Software Corp.,DEMO,MT5,ZMQ,EURUSD
120,2020-04-23 00:35:08.972000,2020-04-23 00:35:08.982000,2020-04-23 00:35:57.046301,10.0,48064.301,48074.301,1.08108,1.08112,MM,MetaQuotes Software Corp.,DEMO,MT5,ZMQ,EURUSD
121,2020-04-23 00:35:09.071000,2020-04-23 00:35:09.081000,2020-04-23 00:35:57.069351,10.0,47988.351,47998.351,1.08108,1.08112,MM,MetaQuotes Software Corp.,DEMO,MT5,ZMQ,EURUSD
122,2020-04-23 00:35:09.171000,2020-04-23 00:35:09.181000,2020-04-23 00:35:57.092383,10.0,47911.383,47921.383,1.08108,1.08112,MM,MetaQuotes Software Corp.,DEMO,MT5,ZMQ,EURUSD
123,2020-04-23 00:35:09.271000,2020-04-23 00:35:09.281000,2020-04-23 00:35:57.115774,10.0,47834.774,47844.774,1.08108,1.08112,MM,MetaQuotes Software Corp.,DEMO,MT5,ZMQ,EURUSD
124,2020-04-23 00:35:09.371000,2020-04-23 00:35:09.381000,2020-04-23 00:35:57.138646,10.0,47757.646,47767.646,1.08108,1.08112,MM,MetaQuotes Software Corp.,DEMO,MT5,ZMQ,EURUSD
125,2020-04-23 00:35:09.472000,2020-04-23 00:35:09.482000,2020-04-23 00:35:57.161756,10.0,47679.756,47689.756,1.08108,1.08112,MM,MetaQuotes Software Corp.,DEMO,MT5,ZMQ,EURUSD
126,2020-04-23 00:35:09.572000,2020-04-23 00:35:09.582000,2020-04-23 00:35:57.184769,10.0,47602.769,47612.769,1.08108,1.08112,MM,MetaQuotes Software Corp.,DEMO,MT5,ZMQ,EURUSD
127,2020-04-23 00:35:09.671000,2020-04-23 00:35:09.681000,2020-04-23 00:35:57.209049,10.0,47528.049,47538.049,1.08108,1.08112,MM,MetaQuotes Software Corp.,DEMO,MT5,ZMQ,EURUSD
128,2020-04-23 00:35:09.771000,2020-04-23 00:35:09.781000,2020-04-23 00:35:57.232069,10.0,47451.069,47461.069,1.08108,1.08112,MM,MetaQuotes Software Corp.,DEMO,MT5,ZMQ,EURUSD
129,2020-04-23 00:35:09.871000,2020-04-23 00:35:09.881000,2020-04-23 00:35:57.255187,10.0,47374.187,47384.187,1.08108,1.08112,MM,MetaQuotes Software Corp.,DEMO,MT5,ZMQ,EURUSD
130,2020-04-23 00:35:09.971000,2020-04-23 00:35:09.981000,2020-04-23 00:35:57.278562,10.0,47297.562,47307.562,1.08108,1.08112,MM,MetaQuotes Software Corp.,DEMO,MT5,ZMQ,EURUSD
131,2020-04-23 00:35:10.071000,2020-04-23 00:35:10.081000,2020-04-23 00:35:57.301681,10.0,47220.681,47230.681,1.08108,1.08112,MM,MetaQuotes Software Corp.,DEMO,MT5,ZMQ,EURUSD
132,2020-04-23 00:35:10.171000,2020-04-23 00:35:10.181000,2020-04-23 00:35:57.324694,10.0,47143.694,47153.694,1.08108,1.08112,MM,MetaQuotes Software Corp.,DEMO,MT5,ZMQ,EURUSD
133,2020-04-23 00:35:10.271000,2020-04-23 00:35:10.281000,2020-04-23 00:35:57.348056,10.0,47067.056,47077.056,1.08108,1.08112,MM,MetaQuotes Software Corp.,DEMO,MT5,ZMQ,EURUSD
134,2020-04-23 00:35:10.371000,2020-04-23 00:35:10.381000,2020-04-23 00:35:57.370930,10.0,46989.93,46999.93,1.08108,1.08112,MM,MetaQuotes Software Corp.,DEMO,MT5,ZMQ,EURUSD
135,2020-04-23 00:35:10.471000,2020-04-23 00:35:10.481000,2020-04-23 00:35:57.393849,10.0,46912.849,46922.849,1.08108,1.08112,MM,MetaQuotes Software Corp.,DEMO,MT5,ZMQ,EURUSD
136,2020-04-23 00:35:10.571000,2020-04-23 00:35:10.581000,2020-04-23 00:35:57.417144,10.0,46836.144,46846.144,1.08108,1.08112,MM,MetaQuotes Software Corp.,DEMO,MT5,ZMQ,EURUSD
137,2020-04-23 00:35:10.671000,2020-04-23 00:35:10.681000,2020-04-23 00:35:57.440250,10.0,46759.25,46769.25,1.08108,1.08112,MM,MetaQuotes Software Corp.,DEMO,MT5,ZMQ,EURUSD
138,2020-04-23 00:35:10.770000,2020-04-23 00:35:10.780000,2020-04-23 00:35:57.463459,10.0,46683.459,46693.459,1.08108,1.08112,MM,MetaQuotes Software Corp.,DEMO,MT5,ZMQ,EURUSD
139,2020-04-23 00:35:10.870000,2020-04-23 00:35:10.880000,2020-04-23 00:35:57.486507,10.0,46606.507,46616.507,1.08108,1.08112,MM,MetaQuotes Software Corp.,DEMO,MT5,ZMQ,EURUSD
140,2020-04-23 00:35:10.971000,2020-04-23 00:35:10.981000,2020-04-23 00:35:57.510365,10.0,46529.365,46539.365,1.08108,1.08112,MM,MetaQuotes Software Corp.,DEMO,MT5,ZMQ,EURUSD
141,2020-04-23 00:35:11.071000,2020-04-23 00:35:11.081000,2020-04-23 00:35:57.533329,10.0,46452.329,46462.329,1.08108,1.08112,MM,MetaQuotes Software Corp.,DEMO,MT5,ZMQ,EURUSD
142,2020-04-23 00:35:11.170000,2020-04-23 00:35:11.180000,2020-04-23 00:35:57.556214,10.0,46376.214,46386.214,1.08108,1.08112,MM,MetaQuotes Software Corp.,DEMO,MT5,ZMQ,EURUSD
143,2020-04-23 00:35:11.271000,2020-04-23 00:35:11.281000,2020-04-23 00:35:57.579017,10.0,46298.017,46308.017,1.08108,1.08112,MM,MetaQuotes Software Corp.,DEMO,MT5,ZMQ,EURUSD
144,2020-04-23 00:35:11.370000,2020-04-23 00:35:11.380000,2020-04-23 00:35:57.602004,10.0,46222.004,46232.004,1.08108,1.08112,MM,MetaQuotes Software Corp.,DEMO,MT5,ZMQ,EURUSD
145,2020-04-23 00:35:11.471000,2020-04-23 00:35:11.481000,2020-04-23 00:35:57.625276,10.0,46144.276,46154.276,1.08108,1.08112,MM,MetaQuotes Software Corp.,DEMO,MT5,ZMQ,EURUSD
146,2020-04-23 00:35:11.570000,2020-04-23 00:35:11.580000,2020-04-23 00:35:57.648303,10.0,46068.303,46078.303,1.08108,1.08112,MM,MetaQuotes Software Corp.,DEMO,MT5,ZMQ,EURUSD
147,2020-04-23 00:35:11.671000,2020-04-23 00:35:11.681000,2020-04-23 00:35:57.671540,10.0,45990.54,46000.54,1.08108,1.08112,MM,MetaQuotes Software Corp.,DEMO,MT5,ZMQ,EURUSD
148,2020-04-23 00:35:11.770000,2020-04-23 00:35:11.780000,2020-04-23 00:35:57.694666,10.0,45914.666,45924.666,1.08108,1.08112,MM,MetaQuotes Software Corp.,DEMO,MT5,ZMQ,EURUSD
149,2020-04-23 00:35:11.871000,2020-04-23 00:35:11.881000,2020-04-23 00:35:57.717758,10.0,45836.758,45846.758,1.08108,1.08112,MM,MetaQuotes Software Corp.,DEMO,MT5,ZMQ,EURUSD
150,2020-04-23 00:35:11.970000,2020-04-23 00:35:11.980000,2020-04-23 00:35:57.740703,10.0,45760.703,45770.703,1.08108,1.08112,MM,MetaQuotes Software Corp.,DEMO,MT5,ZMQ,EURUSD
151,2020-04-23 00:35:12.070000,2020-04-23 00:35:12.080000,2020-04-23 00:35:57.763902,10.0,45683.902,45693.902,1.08108,1.08112,MM,MetaQuotes Software Corp.,DEMO,MT5,ZMQ,EURUSD
152,2020-04-23 00:35:12.173000,2020-04-23 00:35:12.183000,2020-04-23 00:35:57.787023,10.0,45604.023,45614.023,1.08108,1.08112,MM,MetaQuotes Software Corp.,DEMO,MT5,ZMQ,EURUSD
153,2020-04-23 00:35:12.218000,2020-04-23 00:35:12.228000,2020-04-23 00:35:57.810347,10.0,45582.347,45592.347,1.08108,1.08111,MM,MetaQuotes Software Corp.,DEMO,MT5,ZMQ,EURUSD
154,2020-04-23 00:35:12.228000,2020-04-23 00:35:12.238000,2020-04-23 00:35:57.833736,10.0,45595.736,45605.736,1.08107,1.08111,MM,MetaQuotes Software Corp.,DEMO,MT5,ZMQ,EURUSD
155,2020-04-23 00:35:12.270000,2020-04-23 00:35:12.280000,2020-04-23 00:35:57.856709,10.0,45576.709,45586.709,1.08107,1.08111,MM,MetaQuotes Software Corp.,DEMO,MT5,ZMQ,EURUSD
156,2020-04-23 00:35:12.270000,2020-04-23 00:35:12.280000,2020-04-23 00:35:57.879960,10.0,45599.96,45609.96,1.08108,1.08111,MM,MetaQuotes Software Corp.,DEMO,MT5,ZMQ,EURUSD
157,2020-04-23 00:35:12.363000,2020-04-23 00:35:12.373000,2020-04-23 00:35:57.903103,10.0,45530.103,45540.103,1.08108,1.08112,MM,MetaQuotes Software Corp.,DEMO,MT5,ZMQ,EURUSD
158,2020-04-23 00:35:12.370000,2020-04-23 00:35:12.380000,2020-04-23 00:35:57.926137,10.0,45546.137,45556.137,1.08108,1.08112,MM,MetaQuotes Software Corp.,DEMO,MT5,ZMQ,EURUSD
159,2020-04-23 00:35:12.472000,2020-04-23 00:35:12.482000,2020-04-23 00:35:57.948992,10.0,45466.992,45476.992,1.08108,1.08112,MM,MetaQuotes Software Corp.,DEMO,MT5,ZMQ,EURUSD
160,2020-04-23 00:35:12.570000,2020-04-23 00:35:12.580000,2020-04-23 00:35:57.971836,10.0,45391.836,45401.836,1.08108,1.08112,MM,MetaQuotes Software Corp.,DEMO,MT5,ZMQ,EURUSD
161,2020-04-23 00:35:12.670000,2020-04-23 00:35:12.680000,2020-04-23 00:35:57.994667,10.0,45314.667,45324.667,1.08108,1.08112,MM,MetaQuotes Software Corp.,DEMO,MT5,ZMQ,EURUSD
162,2020-04-23 00:35:12.770000,2020-04-23 00:35:12.780000,2020-04-23 00:35:58.017549,10.0,45237.549,45247.549,1.08108,1.08112,MM,MetaQuotes Software Corp.,DEMO,MT5,ZMQ,EURUSD
163,2020-04-23 00:35:12.869000,2020-04-23 00:35:12.879000,2020-04-23 00:35:58.040628,10.0,45161.628,45171.628,1.08108,1.08112,MM,MetaQuotes Software Corp.,DEMO,MT5,ZMQ,EURUSD
164,2020-04-23 00:35:12.969000,2020-04-23 00:35:12.979000,2020-04-23 00:35:58.063724,10.0,45084.724,45094.724,1.08108,1.08112,MM,MetaQuotes Software Corp.,DEMO,MT5,ZMQ,EURUSD
165,2020-04-23 00:35:13.070000,2020-04-23 00:35:13.080000,2020-04-23 00:35:58.086916,10.0,45006.916,45016.916,1.08108,1.08112,MM,MetaQuotes Software Corp.,DEMO,MT5,ZMQ,EURUSD
166,2020-04-23 00:35:13.170000,2020-04-23 00:35:13.180000,2020-04-23 00:35:58.109976,10.0,44929.976,44939.976,1.08108,1.08112,MM,MetaQuotes Software Corp.,DEMO,MT5,ZMQ,EURUSD
167,2020-04-23 00:35:13.270000,2020-04-23 00:35:13.280000,2020-04-23 00:35:58.132986,10.0,44852.986,44862.986,1.08108,1.08112,MM,MetaQuotes Software Corp.,DEMO,MT5,ZMQ,EURUSD
168,2020-04-23 00:35:13.369000,2020-04-23 00:35:13.379000,2020-04-23 00:35:58.155907,10.0,44776.907,44786.907,1.08108,1.08112,MM,MetaQuotes Software Corp.,DEMO,MT5,ZMQ,EURUSD
169,2020-04-23 00:35:13.470000,2020-04-23 00:35:13.480000,2020-04-23 00:35:58.178989,10.0,44698.989,44708.989,1.08108,1.08112,MM,MetaQuotes Software Corp.,DEMO,MT5,ZMQ,EURUSD
170,2020-04-23 00:35:13.570000,2020-04-23 00:35:13.580000,2020-04-23 00:35:58.201689,10.0,44621.689,44631.689,1.08108,1.08112,MM,MetaQuotes Software Corp.,DEMO,MT5,ZMQ,EURUSD
171,2020-04-23 00:35:13.670000,2020-04-23 00:35:13.680000,2020-04-23 00:35:58.224445,10.0,44544.445,44554.445,1.08108,1.08112,MM,MetaQuotes Software Corp.,DEMO,MT5,ZMQ,EURUSD
172,2020-04-23 00:35:13.770000,2020-04-23 00:35:13.780000,2020-04-23 00:35:58.247477,10.0,44467.477,44477.477,1.08108,1.08112,MM,MetaQuotes Software Corp.,DEMO,MT5,ZMQ,EURUSD
173,2020-04-23 00:35:13.869000,2020-04-23 00:35:13.879000,2020-04-23 00:35:58.270375,10.0,44391.375,44401.375,1.08108,1.08112,MM,MetaQuotes Software Corp.,DEMO,MT5,ZMQ,EURUSD
174,2020-04-23 00:35:13.970000,2020-04-23 00:35:13.980000,2020-04-23 00:35:58.293584,10.0,44313.584,44323.584,1.08108,1.08112,MM,MetaQuotes Software Corp.,DEMO,MT5,ZMQ,EURUSD
175,2020-04-23 00:35:14.070000,2020-04-23 00:35:14.080000,2020-04-23 00:35:58.316725,10.0,44236.725,44246.725,1.08108,1.08112,MM,MetaQuotes Software Corp.,DEMO,MT5,ZMQ,EURUSD
176,2020-04-23 00:35:14.169000,2020-04-23 00:35:14.179000,2020-04-23 00:35:58.340041,10.0,44161.041,44171.041,1.08108,1.08112,MM,MetaQuotes Software Corp.,DEMO,MT5,ZMQ,EURUSD
177,2020-04-23 00:35:14.270000,2020-04-23 00:35:14.280000,2020-04-23 00:35:58.363174,10.0,44083.174,44093.174,1.08108,1.08112,MM,MetaQuotes Software Corp.,DEMO,MT5,ZMQ,EURUSD
178,2020-04-23 00:35:14.369000,2020-04-23 00:35:14.379000,2020-04-23 00:35:58.386166,10.0,44007.166,44017.166,1.08108,1.08112,MM,MetaQuotes Software Corp.,DEMO,MT5,ZMQ,EURUSD
179,2020-04-23 00:35:14.469000,2020-04-23 00:35:14.479000,2020-04-23 00:35:58.409215,10.0,43930.215,43940.215,1.08108,1.08112,MM,MetaQuotes Software Corp.,DEMO,MT5,ZMQ,EURUSD
180,2020-04-23 00:35:14.569000,2020-04-23 00:35:14.579000,2020-04-23 00:35:58.432253,10.0,43853.253,43863.253,1.08108,1.08112,MM,MetaQuotes Software Corp.,DEMO,MT5,ZMQ,EURUSD
181,2020-04-23 00:35:14.670000,2020-04-23 00:35:14.680000,2020-04-23 00:35:58.455389,10.0,43775.389,43785.389,1.08108,1.08112,MM,MetaQuotes Software Corp.,DEMO,MT5,ZMQ,EURUSD
182,2020-04-23 00:35:14.769000,2020-04-23 00:35:14.779000,2020-04-23 00:35:58.478451,10.0,43699.451,43709.451,1.08108,1.08112,MM,MetaQuotes Software Corp.,DEMO,MT5,ZMQ,EURUSD
183,2020-04-23 00:35:14.870000,2020-04-23 00:35:14.880000,2020-04-23 00:35:58.501691,10.0,43621.691,43631.691,1.08108,1.08112,MM,MetaQuotes Software Corp.,DEMO,MT5,ZMQ,EURUSD
184,2020-04-23 00:35:14.969000,2020-04-23 00:35:14.979000,2020-04-23 00:35:58.524832,10.0,43545.832,43555.832,1.08108,1.08112,MM,MetaQuotes Software Corp.,DEMO,MT5,ZMQ,EURUSD
185,2020-04-23 00:35:15.069000,2020-04-23 00:35:15.079000,2020-04-23 00:35:58.547834,10.0,43468.834,43478.834,1.08108,1.08112,MM,MetaQuotes Software Corp.,DEMO,MT5,ZMQ,EURUSD
186,2020-04-23 00:35:15.169000,2020-04-23 00:35:15.179000,2020-04-23 00:35:58.570807,10.0,43391.807,43401.807,1.08108,1.08112,MM,MetaQuotes Software Corp.,DEMO,MT5,ZMQ,EURUSD
187,2020-04-23 00:35:15.270000,2020-04-23 00:35:15.280000,2020-04-23 00:35:58.593721,10.0,43313.721,43323.721,1.08108,1.08112,MM,MetaQuotes Software Corp.,DEMO,MT5,ZMQ,EURUSD
188,2020-04-23 00:35:15.369000,2020-04-23 00:35:15.379000,2020-04-23 00:35:58.616730,10.0,43237.73,43247.73,1.08108,1.08112,MM,MetaQuotes Software Corp.,DEMO,MT5,ZMQ,EURUSD
189,2020-04-23 00:35:15.469000,2020-04-23 00:35:15.479000,2020-04-23 00:35:58.639539,10.0,43160.539,43170.539,1.08108,1.08112,MM,MetaQuotes Software Corp.,DEMO,MT5,ZMQ,EURUSD
190,2020-04-23 00:35:15.569000,2020-04-23 00:35:15.579000,2020-04-23 00:35:58.662838,10.0,43083.838,43093.838,1.08108,1.08112,MM,MetaQuotes Software Corp.,DEMO,MT5,ZMQ,EURUSD
191,2020-04-23 00:35:15.669000,2020-04-23 00:35:15.679000,2020-04-23 00:35:58.685713,10.0,43006.713,43016.713,1.08108,1.08112,MM,MetaQuotes Software Corp.,DEMO,MT5,ZMQ,EURUSD
192,2020-04-23 00:35:15.769000,2020-04-23 00:35:15.779000,2020-04-23 00:35:58.708896,10.0,42929.896,42939.896,1.08108,1.08112,MM,MetaQuotes Software Corp.,DEMO,MT5,ZMQ,EURUSD
193,2020-04-23 00:35:15.869000,2020-04-23 00:35:15.879000,2020-04-23 00:35:58.732184,10.0,42853.184,42863.184,1.08108,1.08112,MM,MetaQuotes Software Corp.,DEMO,MT5,ZMQ,EURUSD
194,2020-04-23 00:35:15.969000,2020-04-23 00:35:15.979000,2020-04-23 00:35:58.755296,10.0,42776.296,42786.296,1.08108,1.08112,MM,MetaQuotes Software Corp.,DEMO,MT5,ZMQ,EURUSD
195,2020-04-23 00:35:16.069000,2020-04-23 00:35:16.079000,2020-04-23 00:35:58.778499,10.0,42699.499,42709.499,1.08108,1.08112,MM,MetaQuotes Software Corp.,DEMO,MT5,ZMQ,EURUSD
196,2020-04-23 00:35:16.169000,2020-04-23 00:35:16.179000,2020-04-23 00:35:58.801663,10.0,42622.663,42632.663,1.08108,1.08112,MM,MetaQuotes Software Corp.,DEMO,MT5,ZMQ,EURUSD
197,2020-04-23 00:35:16.269000,2020-04-23 00:35:16.279000,2020-04-23 00:35:58.824593,10.0,42545.593,42555.593,1.08108,1.08112,MM,MetaQuotes Software Corp.,DEMO,MT5,ZMQ,EURUSD
198,2020-04-23 00:35:16.368000,2020-04-23 00:35:16.378000,2020-04-23 00:35:58.847392,10.0,42469.392,42479.392,1.08108,1.08112,MM,MetaQuotes Software Corp.,DEMO,MT5,ZMQ,EURUSD
199,2020-04-23 00:35:16.469000,2020-04-23 00:35:16.479000,2020-04-23 00:35:58.870797,10.0,42391.797,42401.797,1.08108,1.08112,MM,MetaQuotes Software Corp.,DEMO,MT5,ZMQ,EURUSD
200,2020-04-23 00:35:16.569000,2020-04-23 00:35:16.579000,2020-04-23 00:35:58.897207,10.0,42318.207,42328.207,1.08108,1.08112,MM,MetaQuotes Software Corp.,DEMO,MT5,ZMQ,EURUSD
201,2020-04-23 00:35:16.669000,2020-04-23 00:35:16.679000,2020-04-23 00:35:58.920232,10.0,42241.232,42251.232,1.08108,1.08112,MM,MetaQuotes Software Corp.,DEMO,MT5,ZMQ,EURUSD
202,2020-04-23 00:35:16.768000,2020-04-23 00:35:16.778000,2020-04-23 00:35:58.943183,10.0,42165.183,42175.183,1.08108,1.08112,MM,MetaQuotes Software Corp.,DEMO,MT5,ZMQ,EURUSD
203,2020-04-23 00:35:16.870000,2020-04-23 00:35:16.880000,2020-04-23 00:35:58.966180,10.0,42086.18,42096.18,1.08108,1.08112,MM,MetaQuotes Software Corp.,DEMO,MT5,ZMQ,EURUSD
204,2020-04-23 00:35:16.969000,2020-04-23 00:35:16.979000,2020-04-23 00:35:58.989100,10.0,42010.1,42020.1,1.08108,1.08112,MM,MetaQuotes Software Corp.,DEMO,MT5,ZMQ,EURUSD
205,2020-04-23 00:35:17.069000,2020-04-23 00:35:17.079000,2020-04-23 00:35:59.011970,10.0,41932.97,41942.97,1.08108,1.08112,MM,MetaQuotes Software Corp.,DEMO,MT5,ZMQ,EURUSD
206,2020-04-23 00:35:17.168000,2020-04-23 00:35:17.178000,2020-04-23 00:35:59.035276,10.0,41857.276,41867.276,1.08108,1.08112,MM,MetaQuotes Software Corp.,DEMO,MT5,ZMQ,EURUSD
207,2020-04-23 00:35:17.269000,2020-04-23 00:35:17.279000,2020-04-23 00:35:59.058122,10.0,41779.122,41789.122,1.08108,1.08112,MM,MetaQuotes Software Corp.,DEMO,MT5,ZMQ,EURUSD
208,2020-04-23 00:35:17.368000,2020-04-23 00:35:17.378000,2020-04-23 00:35:59.081351,10.0,41703.351,41713.351,1.08108,1.08112,MM,MetaQuotes Software Corp.,DEMO,MT5,ZMQ,EURUSD
209,2020-04-23 00:35:17.469000,2020-04-23 00:35:17.479000,2020-04-23 00:35:59.104379,10.0,41625.379,41635.379,1.08108,1.08112,MM,MetaQuotes Software Corp.,DEMO,MT5,ZMQ,EURUSD
210,2020-04-23 00:35:17.568000,2020-04-23 00:35:17.578000,2020-04-23 00:35:59.128086,10.0,41550.086,41560.086,1.08108,1.08112,MM,MetaQuotes Software Corp.,DEMO,MT5,ZMQ,EURUSD
211,2020-04-23 00:35:17.669000,2020-04-23 00:35:17.679000,2020-04-23 00:35:59.151241,10.0,41472.241,41482.241,1.08108,1.08112,MM,MetaQuotes Software Corp.,DEMO,MT5,ZMQ,EURUSD
212,2020-04-23 00:35:17.681000,2020-04-23 00:35:17.691000,2020-04-23 00:35:59.174666,10.0,41483.666,41493.666,1.08107,1.08112,MM,MetaQuotes Software Corp.,DEMO,MT5,ZMQ,EURUSD
213,2020-04-23 00:35:17.768000,2020-04-23 00:35:17.778000,2020-04-23 00:35:59.197570,10.0,41419.57,41429.57,1.08107,1.08112,MM,MetaQuotes Software Corp.,DEMO,MT5,ZMQ,EURUSD
214,2020-04-23 00:35:17.869000,2020-04-23 00:35:17.879000,2020-04-23 00:35:59.220516,10.0,41341.516,41351.516,1.08107,1.08112,MM,MetaQuotes Software Corp.,DEMO,MT5,ZMQ,EURUSD
215,2020-04-23 00:35:17.968000,2020-04-23 00:35:17.978000,2020-04-23 00:35:59.243306,10.0,41265.306,41275.306,1.08107,1.08112,MM,MetaQuotes Software Corp.,DEMO,MT5,ZMQ,EURUSD
216,2020-04-23 00:35:18.068000,2020-04-23 00:35:18.078000,2020-04-23 00:35:59.266273,10.0,41188.273,41198.273,1.08107,1.08112,MM,MetaQuotes Software Corp.,DEMO,MT5,ZMQ,EURUSD
217,2020-04-23 00:35:18.169000,2020-04-23 00:35:18.179000,2020-04-23 00:35:59.289533,10.0,41110.533,41120.533,1.08107,1.08112,MM,MetaQuotes Software Corp.,DEMO,MT5,ZMQ,EURUSD
218,2020-04-23 00:35:18.268000,2020-04-23 00:35:18.278000,2020-04-23 00:35:59.312556,10.0,41034.556,41044.556,1.08107,1.08112,MM,MetaQuotes Software Corp.,DEMO,MT5,ZMQ,EURUSD
219,2020-04-23 00:35:18.368000,2020-04-23 00:35:18.378000,2020-04-23 00:35:59.335868,10.0,40957.868,40967.868,1.08107,1.08112,MM,MetaQuotes Software Corp.,DEMO,MT5,ZMQ,EURUSD
220,2020-04-23 00:35:18.467000,2020-04-23 00:35:18.477000,2020-04-23 00:35:59.358921,10.0,40881.921,40891.921,1.08107,1.08112,MM,MetaQuotes Software Corp.,DEMO,MT5,ZMQ,EURUSD
221,2020-04-23 00:35:18.568000,2020-04-23 00:35:18.578000,2020-04-23 00:35:59.382005,10.0,40804.005,40814.005,1.08107,1.08112,MM,MetaQuotes Software Corp.,DEMO,MT5,ZMQ,EURUSD
222,2020-04-23 00:35:18.668000,2020-04-23 00:35:18.678000,2020-04-23 00:35:59.405114,10.0,40727.114,40737.114,1.08107,1.08112,MM,MetaQuotes Software Corp.,DEMO,MT5,ZMQ,EURUSD
223,2020-04-23 00:35:18.768000,2020-04-23 00:35:18.778000,2020-04-23 00:35:59.428001,10.0,40650.001,40660.001,1.08107,1.08112,MM,MetaQuotes Software Corp.,DEMO,MT5,ZMQ,EURUSD
224,2020-04-23 00:35:18.868000,2020-04-23 00:35:18.878000,2020-04-23 00:35:59.450722,10.0,40572.722,40582.722,1.08107,1.08112,MM,MetaQuotes Software Corp.,DEMO,MT5,ZMQ,EURUSD
225,2020-04-23 00:35:18.968000,2020-04-23 00:35:18.978000,2020-04-23 00:35:59.473449,10.0,40495.449,40505.449,1.08107,1.08112,MM,MetaQuotes Software Corp.,DEMO,MT5,ZMQ,EURUSD
226,2020-04-23 00:35:19.068000,2020-04-23 00:35:19.078000,2020-04-23 00:35:59.496751,10.0,40418.751,40428.751,1.08107,1.08112,MM,MetaQuotes Software Corp.,DEMO,MT5,ZMQ,EURUSD
227,2020-04-23 00:35:19.167000,2020-04-23 00:35:19.177000,2020-04-23 00:35:59.519712,10.0,40342.712,40352.712,1.08107,1.08112,MM,MetaQuotes Software Corp.,DEMO,MT5,ZMQ,EURUSD
228,2020-04-23 00:35:19.268000,2020-04-23 00:35:19.278000,2020-04-23 00:35:59.543290,10.0,40265.29,40275.29,1.08107,1.08112,MM,MetaQuotes Software Corp.,DEMO,MT5,ZMQ,EURUSD
229,2020-04-23 00:35:19.367000,2020-04-23 00:35:19.377000,2020-04-23 00:35:59.566940,10.0,40189.94,40199.94,1.08107,1.08112,MM,MetaQuotes Software Corp.,DEMO,MT5,ZMQ,EURUSD
230,2020-04-23 00:35:19.469000,2020-04-23 00:35:19.479000,2020-04-23 00:35:59.590495,10.0,40111.495,40121.495,1.08107,1.08112,MM,MetaQuotes Software Corp.,DEMO,MT5,ZMQ,EURUSD
231,2020-04-23 00:35:19.567000,2020-04-23 00:35:19.577000,2020-04-23 00:35:59.614248,10.0,40037.248,40047.248,1.08107,1.08112,MM,MetaQuotes Software Corp.,DEMO,MT5,ZMQ,EURUSD
232,2020-04-23 00:35:19.668000,2020-04-23 00:35:19.678000,2020-04-23 00:35:59.637841,10.0,39959.841,39969.841,1.08107,1.08112,MM,MetaQuotes Software Corp.,DEMO,MT5,ZMQ,EURUSD
233,2020-04-23 00:35:19.767000,2020-04-23 00:35:19.777000,2020-04-23 00:35:59.661277,10.0,39884.277,39894.277,1.08107,1.08112,MM,MetaQuotes Software Corp.,DEMO,MT5,ZMQ,EURUSD
234,2020-04-23 00:35:19.868000,2020-04-23 00:35:19.878000,2020-04-23 00:35:59.684676,10.0,39806.676,39816.676,1.08107,1.08112,MM,MetaQuotes Software Corp.,DEMO,MT5,ZMQ,EURUSD
235,2020-04-23 00:35:19.967000,2020-04-23 00:35:19.977000,2020-04-23 00:35:59.707978,10.0,39730.978,39740.978,1.08107,1.08112,MM,MetaQuotes Software Corp.,DEMO,MT5,ZMQ,EURUSD
236,2020-04-23 00:35:20.069000,2020-04-23 00:35:20.079000,2020-04-23 00:35:59.731003,10.0,39652.003,39662.003,1.08107,1.08112,MM,MetaQuotes Software Corp.,DEMO,MT5,ZMQ,EURUSD
237,2020-04-23 00:35:20.167000,2020-04-23 00:35:20.177000,2020-04-23 00:35:59.754296,10.0,39577.296,39587.296,1.08107,1.08112,MM,MetaQuotes Software Corp.,DEMO,MT5,ZMQ,EURUSD
238,2020-04-23 00:35:20.267000,2020-04-23 00:35:20.277000,2020-04-23 00:35:59.777414,10.0,39500.414,39510.414,1.08107,1.08112,MM,MetaQuotes Software Corp.,DEMO,MT5,ZMQ,EURUSD
239,2020-04-23 00:35:20.367000,2020-04-23 00:35:20.377000,2020-04-23 00:35:59.800453,10.0,39423.453,39433.453,1.08107,1.08112,MM,MetaQuotes Software Corp.,DEMO,MT5,ZMQ,EURUSD
240,2020-04-23 00:35:20.467000,2020-04-23 00:35:20.477000,2020-04-23 00:35:59.823447,10.0,39346.447,39356.447,1.08107,1.08112,MM,MetaQuotes Software Corp.,DEMO,MT5,ZMQ,EURUSD
241,2020-04-23 00:35:20.567000,2020-04-23 00:35:20.577000,2020-04-23 00:35:59.846353,10.0,39269.353,39279.353,1.08107,1.08112,MM,MetaQuotes Software Corp.,DEMO,MT5,ZMQ,EURUSD
242,2020-04-23 00:35:20.668000,2020-04-23 00:35:20.678000,2020-04-23 00:35:59.869214,10.0,39191.214,39201.214,1.08107,1.08112,MM,MetaQuotes Software Corp.,DEMO,MT5,ZMQ,EURUSD
243,2020-04-23 00:35:20.767000,2020-04-23 00:35:20.777000,2020-04-23 00:35:59.892141,10.0,39115.141,39125.141,1.08107,1.08112,MM,MetaQuotes Software Corp.,DEMO,MT5,ZMQ,EURUSD
244,2020-04-23 00:35:20.867000,2020-04-23 00:35:20.877000,2020-04-23 00:35:59.915459,10.0,39038.459,39048.459,1.08107,1.08112,MM,MetaQuotes Software Corp.,DEMO,MT5,ZMQ,EURUSD
245,2020-04-23 00:35:20.967000,2020-04-23 00:35:20.977000,2020-04-23 00:35:59.938437,10.0,38961.437,38971.437,1.08107,1.08112,MM,MetaQuotes Software Corp.,DEMO,MT5,ZMQ,EURUSD
246,2020-04-23 00:35:21.066000,2020-04-23 00:35:21.076000,2020-04-23 00:35:59.961684,10.0,38885.684,38895.684,1.08107,1.08112,MM,MetaQuotes Software Corp.,DEMO,MT5,ZMQ,EURUSD
247,2020-04-23 00:35:21.167000,2020-04-23 00:35:21.177000,2020-04-23 00:35:59.984848,10.0,38807.848,38817.848,1.08107,1.08112,MM,MetaQuotes Software Corp.,DEMO,MT5,ZMQ,EURUSD
248,2020-04-23 00:35:21.267000,2020-04-23 00:35:21.277000,2020-04-23 00:36:00.008378,10.0,38731.378,38741.378,1.08107,1.08112,MM,MetaQuotes Software Corp.,DEMO,MT5,ZMQ,EURUSD
249,2020-04-23 00:35:21.366000,2020-04-23 00:35:21.376000,2020-04-23 00:36:00.031510,10.0,38655.51,38665.51,1.08107,1.08112,MM,MetaQuotes Software Corp.,DEMO,MT5,ZMQ,EURUSD
250,2020-04-23 00:35:21.467000,2020-04-23 00:35:21.477000,2020-04-23 00:36:00.054388,10.0,38577.388,38587.388,1.08107,1.08112,MM,MetaQuotes Software Corp.,DEMO,MT5,ZMQ,EURUSD
251,2020-04-23 00:35:21.567000,2020-04-23 00:35:21.577000,2020-04-23 00:36:00.077280,10.0,38500.28,38510.28,1.08107,1.08112,MM,MetaQuotes Software Corp.,DEMO,MT5,ZMQ,EURUSD
252,2020-04-23 00:35:21.667000,2020-04-23 00:35:21.677000,2020-04-23 00:36:00.101147,10.0,38424.147,38434.147,1.08107,1.08112,MM,MetaQuotes Software Corp.,DEMO,MT5,ZMQ,EURUSD
253,2020-04-23 00:35:21.766000,2020-04-23 00:35:21.776000,2020-04-23 00:36:00.125050,10.0,38349.05,38359.05,1.08107,1.08112,MM,MetaQuotes Software Corp.,DEMO,MT5,ZMQ,EURUSD
254,2020-04-23 00:35:21.785000,2020-04-23 00:35:21.795000,2020-04-23 00:36:00.148098,10.0,38353.098,38363.098,1.08109,1.08112,MM,MetaQuotes Software Corp.,DEMO,MT5,ZMQ,EURUSD
255,2020-04-23 00:35:21.799000,2020-04-23 00:35:21.809000,2020-04-23 00:36:00.171300,10.0,38362.3,38372.3,1.08109,1.08113,MM,MetaQuotes Software Corp.,DEMO,MT5,ZMQ,EURUSD
256,2020-04-23 00:35:21.866000,2020-04-23 00:35:21.876000,2020-04-23 00:36:00.194432,10.0,38318.432,38328.432,1.08109,1.08113,MM,MetaQuotes Software Corp.,DEMO,MT5,ZMQ,EURUSD
257,2020-04-23 00:35:21.880000,2020-04-23 00:35:21.890000,2020-04-23 00:36:00.217551,10.0,38327.551,38337.551,1.08109,1.08114,MM,MetaQuotes Software Corp.,DEMO,MT5,ZMQ,EURUSD
258,2020-04-23 00:35:21.913000,2020-04-23 00:35:21.923000,2020-04-23 00:36:00.240528,10.0,38317.528,38327.528,1.0811,1.08115,MM,MetaQuotes Software Corp.,DEMO,MT5,ZMQ,EURUSD
259,2020-04-23 00:35:21.944000,2020-04-23 00:35:21.954000,2020-04-23 00:36:00.263545,10.0,38309.545,38319.545,1.0811,1.08114,MM,MetaQuotes Software Corp.,DEMO,MT5,ZMQ,EURUSD
260,2020-04-23 00:35:21.966000,2020-04-23 00:35:21.976000,2020-04-23 00:36:00.286542,10.0,38310.542,38320.542,1.0811,1.08114,MM,MetaQuotes Software Corp.,DEMO,MT5,ZMQ,EURUSD
261,2020-04-23 00:35:22.067000,2020-04-23 00:35:22.077000,2020-04-23 00:36:00.309377,10.0,38232.377,38242.377,1.0811,1.08114,MM,MetaQuotes Software Corp.,DEMO,MT5,ZMQ,EURUSD
262,2020-04-23 00:35:22.166000,2020-04-23 00:35:22.176000,2020-04-23 00:36:00.333702,10.0,38157.702,38167.702,1.0811,1.08114,MM,MetaQuotes Software Corp.,DEMO,MT5,ZMQ,EURUSD
263,2020-04-23 00:35:22.267000,2020-04-23 00:35:22.277000,2020-04-23 00:36:00.356947,10.0,38079.947,38089.947,1.0811,1.08114,MM,MetaQuotes Software Corp.,DEMO,MT5,ZMQ,EURUSD
264,2020-04-23 00:35:22.367000,2020-04-23 00:35:22.377000,2020-04-23 00:36:00.380319,10.0,38003.319,38013.319,1.0811,1.08114,MM,MetaQuotes Software Corp.,DEMO,MT5,ZMQ,EURUSD
265,2020-04-23 00:35:22.466000,2020-04-23 00:35:22.476000,2020-04-23 00:36:00.403617,10.0,37927.617,37937.617,1.0811,1.08114,MM,MetaQuotes Software Corp.,DEMO,MT5,ZMQ,EURUSD
266,2020-04-23 00:35:22.566000,2020-04-23 00:35:22.576000,2020-04-23 00:36:00.426742,10.0,37850.742,37860.742,1.0811,1.08114,MM,MetaQuotes Software Corp.,DEMO,MT5,ZMQ,EURUSD
267,2020-04-23 00:35:22.667000,2020-04-23 00:35:22.677000,2020-04-23 00:36:00.449764,10.0,37772.764,37782.764,1.0811,1.08114,MM,MetaQuotes Software Corp.,DEMO,MT5,ZMQ,EURUSD
268,2020-04-23 00:35:22.766000,2020-04-23 00:35:22.776000,2020-04-23 00:36:00.472715,10.0,37696.715,37706.715,1.0811,1.08114,MM,MetaQuotes Software Corp.,DEMO,MT5,ZMQ,EURUSD
269,2020-04-23 00:35:22.866000,2020-04-23 00:35:22.876000,2020-04-23 00:36:00.495685,10.0,37619.685,37629.685,1.0811,1.08114,MM,MetaQuotes Software Corp.,DEMO,MT5,ZMQ,EURUSD
270,2020-04-23 00:35:22.967000,2020-04-23 00:35:22.977000,2020-04-23 00:36:00.518512,10.0,37541.512,37551.512,1.0811,1.08114,MM,MetaQuotes Software Corp.,DEMO,MT5,ZMQ,EURUSD
271,2020-04-23 00:35:23.066000,2020-04-23 00:35:23.076000,2020-04-23 00:36:00.541794,10.0,37465.794,37475.794,1.0811,1.08114,MM,MetaQuotes Software Corp.,DEMO,MT5,ZMQ,EURUSD
272,2020-04-23 00:35:23.166000,2020-04-23 00:35:23.176000,2020-04-23 00:36:00.564969,10.0,37388.969,37398.969,1.0811,1.08114,MM,MetaQuotes Software Corp.,DEMO,MT5,ZMQ,EURUSD
273,2020-04-23 00:35:23.267000,2020-04-23 00:35:23.277000,2020-04-23 00:36:00.592239,10.0,37315.239,37325.239,1.0811,1.08114,MM,MetaQuotes Software Corp.,DEMO,MT5,ZMQ,EURUSD
274,2020-04-23 00:35:23.366000,2020-04-23 00:35:23.376000,2020-04-23 00:36:00.615479,10.0,37239.479,37249.479,1.0811,1.08114,MM,MetaQuotes Software Corp.,DEMO,MT5,ZMQ,EURUSD
275,2020-04-23 00:35:23.466000,2020-04-23 00:35:23.476000,2020-04-23 00:36:00.638589,10.0,37162.589,37172.589,1.0811,1.08114,MM,MetaQuotes Software Corp.,DEMO,MT5,ZMQ,EURUSD
276,2020-04-23 00:35:23.566000,2020-04-23 00:35:23.576000,2020-04-23 00:36:00.661509,10.0,37085.509,37095.509,1.0811,1.08114,MM,MetaQuotes Software Corp.,DEMO,MT5,ZMQ,EURUSD
277,2020-04-23 00:35:23.666000,2020-04-23 00:35:23.676000,2020-04-23 00:36:00.684601,10.0,37008.601,37018.601,1.0811,1.08114,MM,MetaQuotes Software Corp.,DEMO,MT5,ZMQ,EURUSD
278,2020-04-23 00:35:23.766000,2020-04-23 00:35:23.776000,2020-04-23 00:36:00.707495,10.0,36931.495,36941.495,1.0811,1.08114,MM,MetaQuotes Software Corp.,DEMO,MT5,ZMQ,EURUSD
279,2020-04-23 00:35:23.867000,2020-04-23 00:35:23.877000,2020-04-23 00:36:00.730297,10.0,36853.297,36863.297,1.0811,1.08114,MM,MetaQuotes Software Corp.,DEMO,MT5,ZMQ,EURUSD
280,2020-04-23 00:35:23.966000,2020-04-23 00:35:23.976000,2020-04-23 00:36:00.753842,10.0,36777.842,36787.842,1.0811,1.08114,MM,MetaQuotes Software Corp.,DEMO,MT5,ZMQ,EURUSD
281,2020-04-23 00:35:24.066000,2020-04-23 00:35:24.076000,2020-04-23 00:36:00.776939,10.0,36700.939,36710.939,1.0811,1.08114,MM,MetaQuotes Software Corp.,DEMO,MT5,ZMQ,EURUSD
282,2020-04-23 00:35:24.165000,2020-04-23 00:35:24.175000,2020-04-23 00:36:00.800213,10.0,36625.213,36635.213,1.0811,1.08114,MM,MetaQuotes Software Corp.,DEMO,MT5,ZMQ,EURUSD
283,2020-04-23 00:35:24.266000,2020-04-23 00:35:24.276000,2020-04-23 00:36:00.823610,10.0,36547.61,36557.61,1.0811,1.08114,MM,MetaQuotes Software Corp.,DEMO,MT5,ZMQ,EURUSD
284,2020-04-23 00:35:24.365000,2020-04-23 00:35:24.375000,2020-04-23 00:36:00.846969,10.0,36471.969,36481.969,1.0811,1.08114,MM,MetaQuotes Software Corp.,DEMO,MT5,ZMQ,EURUSD
285,2020-04-23 00:35:24.467000,2020-04-23 00:35:24.477000,2020-04-23 00:36:00.869841,10.0,36392.841,36402.841,1.0811,1.08114,MM,MetaQuotes Software Corp.,DEMO,MT5,ZMQ,EURUSD
286,2020-04-23 00:35:24.565000,2020-04-23 00:35:24.575000,2020-04-23 00:36:00.892886,10.0,36317.886,36327.886,1.0811,1.08114,MM,MetaQuotes Software Corp.,DEMO,MT5,ZMQ,EURUSD
287,2020-04-23 00:35:24.666000,2020-04-23 00:35:24.676000,2020-04-23 00:36:00.915784,10.0,36239.784,36249.784,1.0811,1.08114,MM,MetaQuotes Software Corp.,DEMO,MT5,ZMQ,EURUSD
288,2020-04-23 00:35:24.766000,2020-04-23 00:35:24.776000,2020-04-23 00:36:00.938489,10.0,36162.489,36172.489,1.0811,1.08114,MM,MetaQuotes Software Corp.,DEMO,MT5,ZMQ,EURUSD
289,2020-04-23 00:35:24.866000,2020-04-23 00:35:24.876000,2020-04-23 00:36:00.961545,10.0,36085.545,36095.545,1.0811,1.08114,MM,MetaQuotes Software Corp.,DEMO,MT5,ZMQ,EURUSD
290,2020-04-23 00:35:24.965000,2020-04-23 00:35:24.975000,2020-04-23 00:36:00.984639,10.0,36009.639,36019.639,1.0811,1.08114,MM,MetaQuotes Software Corp.,DEMO,MT5,ZMQ,EURUSD
291,2020-04-23 00:35:25.066000,2020-04-23 00:35:25.076000,2020-04-23 00:36:01.007831,10.0,35931.831,35941.831,1.0811,1.08114,MM,MetaQuotes Software Corp.,DEMO,MT5,ZMQ,EURUSD
292,2020-04-23 00:35:25.165000,2020-04-23 00:35:25.175000,2020-04-23 00:36:01.030961,10.0,35855.961,35865.961,1.0811,1.08114,MM,MetaQuotes Software Corp.,DEMO,MT5,ZMQ,EURUSD
293,2020-04-23 00:35:25.266000,2020-04-23 00:35:25.276000,2020-04-23 00:36:01.054147,10.0,35778.147,35788.147,1.0811,1.08114,MM,MetaQuotes Software Corp.,DEMO,MT5,ZMQ,EURUSD
294,2020-04-23 00:35:25.365000,2020-04-23 00:35:25.375000,2020-04-23 00:36:01.077150,10.0,35702.15,35712.15,1.0811,1.08114,MM,MetaQuotes Software Corp.,DEMO,MT5,ZMQ,EURUSD
295,2020-04-23 00:35:25.465000,2020-04-23 00:35:25.475000,2020-04-23 00:36:01.100192,10.0,35625.192,35635.192,1.0811,1.08114,MM,MetaQuotes Software Corp.,DEMO,MT5,ZMQ,EURUSD
296,2020-04-23 00:35:25.565000,2020-04-23 00:35:25.575000,2020-04-23 00:36:01.123694,10.0,35548.694,35558.694,1.0811,1.08114,MM,MetaQuotes Software Corp.,DEMO,MT5,ZMQ,EURUSD
297,2020-04-23 00:35:25.666000,2020-04-23 00:35:25.676000,2020-04-23 00:36:01.147390,10.0,35471.39,35481.39,1.0811,1.08114,MM,MetaQuotes Software Corp.,DEMO,MT5,ZMQ,EURUSD
298,2020-04-23 00:35:25.765000,2020-04-23 00:35:25.775000,2020-04-23 00:36:01.170800,10.0,35395.8,35405.8,1.0811,1.08114,MM,MetaQuotes Software Corp.,DEMO,MT5,ZMQ,EURUSD
299,2020-04-23 00:35:25.866000,2020-04-23 00:35:25.876000,2020-04-23 00:36:01.194098,10.0,35318.098,35328.098,1.0811,1.08114,MM,MetaQuotes Software Corp.,DEMO,MT5,ZMQ,EURUSD
300,2020-04-23 00:35:25.965000,2020-04-23 00:35:25.975000,2020-04-23 00:36:01.221590,10.0,35246.59,35256.59,1.0811,1.08114,MM,MetaQuotes Software Corp.,DEMO,MT5,ZMQ,EURUSD
301,2020-04-23 00:35:26.065000,2020-04-23 00:35:26.075000,2020-04-23 00:36:01.244633,10.0,35169.633,35179.633,1.0811,1.08114,MM,MetaQuotes Software Corp.,DEMO,MT5,ZMQ,EURUSD
302,2020-04-23 00:35:26.164000,2020-04-23 00:35:26.174000,2020-04-23 00:36:01.267715,10.0,35093.715,35103.715,1.0811,1.08114,MM,MetaQuotes Software Corp.,DEMO,MT5,ZMQ,EURUSD
303,2020-04-23 00:35:26.265000,2020-04-23 00:35:26.275000,2020-04-23 00:36:01.290666,10.0,35015.666,35025.666,1.0811,1.08114,MM,MetaQuotes Software Corp.,DEMO,MT5,ZMQ,EURUSD
304,2020-04-23 00:35:26.364000,2020-04-23 00:35:26.374000,2020-04-23 00:36:01.313646,10.0,34939.646,34949.646,1.0811,1.08114,MM,MetaQuotes Software Corp.,DEMO,MT5,ZMQ,EURUSD
305,2020-04-23 00:35:26.465000,2020-04-23 00:35:26.475000,2020-04-23 00:36:01.336483,10.0,34861.483,34871.483,1.0811,1.08114,MM,MetaQuotes Software Corp.,DEMO,MT5,ZMQ,EURUSD
306,2020-04-23 00:35:26.564000,2020-04-23 00:35:26.574000,2020-04-23 00:36:01.359274,10.0,34785.274,34795.274,1.0811,1.08114,MM,MetaQuotes Software Corp.,DEMO,MT5,ZMQ,EURUSD
307,2020-04-23 00:35:26.665000,2020-04-23 00:35:26.675000,2020-04-23 00:36:01.382393,10.0,34707.393,34717.393,1.0811,1.08114,MM,MetaQuotes Software Corp.,DEMO,MT5,ZMQ,EURUSD
308,2020-04-23 00:35:26.764000,2020-04-23 00:35:26.774000,2020-04-23 00:36:01.405524,10.0,34631.524,34641.524,1.0811,1.08114,MM,MetaQuotes Software Corp.,DEMO,MT5,ZMQ,EURUSD
309,2020-04-23 00:35:26.865000,2020-04-23 00:35:26.875000,2020-04-23 00:36:01.428554,10.0,34553.554,34563.554,1.0811,1.08114,MM,MetaQuotes Software Corp.,DEMO,MT5,ZMQ,EURUSD
310,2020-04-23 00:35:26.965000,2020-04-23 00:35:26.975000,2020-04-23 00:36:01.451750,10.0,34476.75,34486.75,1.0811,1.08114,MM,MetaQuotes Software Corp.,DEMO,MT5,ZMQ,EURUSD
311,2020-04-23 00:35:27.064000,2020-04-23 00:35:27.074000,2020-04-23 00:36:01.474847,10.0,34400.847,34410.847,1.0811,1.08114,MM,MetaQuotes Software Corp.,DEMO,MT5,ZMQ,EURUSD
312,2020-04-23 00:35:27.165000,2020-04-23 00:35:27.175000,2020-04-23 00:36:01.497767,10.0,34322.767,34332.767,1.0811,1.08114,MM,MetaQuotes Software Corp.,DEMO,MT5,ZMQ,EURUSD
313,2020-04-23 00:35:27.265000,2020-04-23 00:35:27.275000,2020-04-23 00:36:01.520712,10.0,34245.712,34255.712,1.0811,1.08114,MM,MetaQuotes Software Corp.,DEMO,MT5,ZMQ,EURUSD
314,2020-04-23 00:35:27.365000,2020-04-23 00:35:27.375000,2020-04-23 00:36:01.543532,10.0,34168.532,34178.532,1.0811,1.08114,MM,MetaQuotes Software Corp.,DEMO,MT5,ZMQ,EURUSD
315,2020-04-23 00:35:27.465000,2020-04-23 00:35:27.475000,2020-04-23 00:36:01.566391,10.0,34091.391,34101.391,1.0811,1.08114,MM,MetaQuotes Software Corp.,DEMO,MT5,ZMQ,EURUSD
316,2020-04-23 00:35:27.564000,2020-04-23 00:35:27.574000,2020-04-23 00:36:01.589620,10.0,34015.62,34025.62,1.0811,1.08114,MM,MetaQuotes Software Corp.,DEMO,MT5,ZMQ,EURUSD
317,2020-04-23 00:35:27.665000,2020-04-23 00:35:27.675000,2020-04-23 00:36:01.612753,10.0,33937.753,33947.753,1.0811,1.08114,MM,MetaQuotes Software Corp.,DEMO,MT5,ZMQ,EURUSD
318,2020-04-23 00:35:27.764000,2020-04-23 00:35:27.774000,2020-04-23 00:36:01.635831,10.0,33861.831,33871.831,1.0811,1.08114,MM,MetaQuotes Software Corp.,DEMO,MT5,ZMQ,EURUSD
319,2020-04-23 00:35:27.865000,2020-04-23 00:35:27.875000,2020-04-23 00:36:01.658845,10.0,33783.845,33793.845,1.0811,1.08114,MM,MetaQuotes Software Corp.,DEMO,MT5,ZMQ,EURUSD
320,2020-04-23 00:35:27.964000,2020-04-23 00:35:27.974000,2020-04-23 00:36:01.681868,10.0,33707.868,33717.868,1.0811,1.08114,MM,MetaQuotes Software Corp.,DEMO,MT5,ZMQ,EURUSD
321,2020-04-23 00:35:28.064000,2020-04-23 00:35:28.074000,2020-04-23 00:36:01.704897,10.0,33630.897,33640.897,1.0811,1.08114,MM,MetaQuotes Software Corp.,DEMO,MT5,ZMQ,EURUSD
322,2020-04-23 00:35:28.164000,2020-04-23 00:35:28.174000,2020-04-23 00:36:01.727740,10.0,33553.74,33563.74,1.0811,1.08114,MM,MetaQuotes Software Corp.,DEMO,MT5,ZMQ,EURUSD
323,2020-04-23 00:35:28.264000,2020-04-23 00:35:28.274000,2020-04-23 00:36:01.750663,10.0,33476.663,33486.663,1.0811,1.08114,MM,MetaQuotes Software Corp.,DEMO,MT5,ZMQ,EURUSD
324,2020-04-23 00:35:28.364000,2020-04-23 00:35:28.374000,2020-04-23 00:36:01.773592,10.0,33399.592,33409.592,1.0811,1.08114,MM,MetaQuotes Software Corp.,DEMO,MT5,ZMQ,EURUSD
325,2020-04-23 00:35:28.465000,2020-04-23 00:35:28.475000,2020-04-23 00:36:01.796797,10.0,33321.797,33331.797,1.0811,1.08114,MM,MetaQuotes Software Corp.,DEMO,MT5,ZMQ,EURUSD
326,2020-04-23 00:35:28.566000,2020-04-23 00:35:28.576000,2020-04-23 00:36:01.819893,10.0,33243.893,33253.893,1.0811,1.08114,MM,MetaQuotes Software Corp.,DEMO,MT5,ZMQ,EURUSD
327,2020-04-23 00:35:28.664000,2020-04-23 00:35:28.674000,2020-04-23 00:36:01.842910,10.0,33168.91,33178.91,1.0811,1.08114,MM,MetaQuotes Software Corp.,DEMO,MT5,ZMQ,EURUSD
328,2020-04-23 00:35:28.763000,2020-04-23 00:35:28.773000,2020-04-23 00:36:01.866087,10.0,33093.087,33103.087,1.0811,1.08114,MM,MetaQuotes Software Corp.,DEMO,MT5,ZMQ,EURUSD
329,2020-04-23 00:35:28.865000,2020-04-23 00:35:28.875000,2020-04-23 00:36:01.889080,10.0,33014.08,33024.08,1.0811,1.08114,MM,MetaQuotes Software Corp.,DEMO,MT5,ZMQ,EURUSD
330,2020-04-23 00:35:28.964000,2020-04-23 00:35:28.974000,2020-04-23 00:36:01.912055,10.0,32938.055,32948.055,1.0811,1.08114,MM,MetaQuotes Software Corp.,DEMO,MT5,ZMQ,EURUSD
331,2020-04-23 00:35:29.064000,2020-04-23 00:35:29.074000,2020-04-23 00:36:01.934833,10.0,32860.833,32870.833,1.0811,1.08114,MM,MetaQuotes Software Corp.,DEMO,MT5,ZMQ,EURUSD
332,2020-04-23 00:35:29.164000,2020-04-23 00:35:29.174000,2020-04-23 00:36:01.957628,10.0,32783.628,32793.628,1.0811,1.08114,MM,MetaQuotes Software Corp.,DEMO,MT5,ZMQ,EURUSD
333,2020-04-23 00:35:29.264000,2020-04-23 00:35:29.274000,2020-04-23 00:36:01.980559,10.0,32706.559,32716.559,1.0811,1.08114,MM,MetaQuotes Software Corp.,DEMO,MT5,ZMQ,EURUSD
334,2020-04-23 00:35:29.363000,2020-04-23 00:35:29.373000,2020-04-23 00:36:02.003948,10.0,32630.948,32640.948,1.0811,1.08114,MM,MetaQuotes Software Corp.,DEMO,MT5,ZMQ,EURUSD
335,2020-04-23 00:35:29.464000,2020-04-23 00:35:29.474000,2020-04-23 00:36:02.027053,10.0,32553.053,32563.053,1.0811,1.08114,MM,MetaQuotes Software Corp.,DEMO,MT5,ZMQ,EURUSD
336,2020-04-23 00:35:29.563000,2020-04-23 00:35:29.573000,2020-04-23 00:36:02.050110,10.0,32477.11,32487.11,1.0811,1.08114,MM,MetaQuotes Software Corp.,DEMO,MT5,ZMQ,EURUSD
337,2020-04-23 00:35:29.664000,2020-04-23 00:35:29.674000,2020-04-23 00:36:02.073436,10.0,32399.436,32409.436,1.0811,1.08114,MM,MetaQuotes Software Corp.,DEMO,MT5,ZMQ,EURUSD
338,2020-04-23 00:35:29.763000,2020-04-23 00:35:29.773000,2020-04-23 00:36:02.096500,10.0,32323.5,32333.5,1.0811,1.08114,MM,MetaQuotes Software Corp.,DEMO,MT5,ZMQ,EURUSD
339,2020-04-23 00:35:29.864000,2020-04-23 00:35:29.874000,2020-04-23 00:36:02.119643,10.0,32245.643,32255.643,1.0811,1.08114,MM,MetaQuotes Software Corp.,DEMO,MT5,ZMQ,EURUSD
340,2020-04-23 00:35:29.963000,2020-04-23 00:35:29.973000,2020-04-23 00:36:02.142579,10.0,32169.579,32179.579,1.0811,1.08114,MM,MetaQuotes Software Corp.,DEMO,MT5,ZMQ,EURUSD
341,2020-04-23 00:35:30.064000,2020-04-23 00:35:30.074000,2020-04-23 00:36:02.165416,10.0,32091.416,32101.416,1.0811,1.08114,MM,MetaQuotes Software Corp.,DEMO,MT5,ZMQ,EURUSD
342,2020-04-23 00:35:30.163000,2020-04-23 00:35:30.173000,2020-04-23 00:36:02.188315,10.0,32015.315,32025.315,1.0811,1.08114,MM,MetaQuotes Software Corp.,DEMO,MT5,ZMQ,EURUSD
343,2020-04-23 00:35:30.264000,2020-04-23 00:35:30.274000,2020-04-23 00:36:02.211726,10.0,31937.726,31947.726,1.0811,1.08114,MM,MetaQuotes Software Corp.,DEMO,MT5,ZMQ,EURUSD
344,2020-04-23 00:35:30.363000,2020-04-23 00:35:30.373000,2020-04-23 00:36:02.234920,10.0,31861.92,31871.92,1.0811,1.08114,MM,MetaQuotes Software Corp.,DEMO,MT5,ZMQ,EURUSD
345,2020-04-23 00:35:30.464000,2020-04-23 00:35:30.474000,2020-04-23 00:36:02.258024,10.0,31784.024,31794.024,1.0811,1.08114,MM,MetaQuotes Software Corp.,DEMO,MT5,ZMQ,EURUSD
346,2020-04-23 00:35:30.563000,2020-04-23 00:35:30.573000,2020-04-23 00:36:02.281279,10.0,31708.279,31718.279,1.0811,1.08114,MM,MetaQuotes Software Corp.,DEMO,MT5,ZMQ,EURUSD
347,2020-04-23 00:35:30.664000,2020-04-23 00:35:30.674000,2020-04-23 00:36:02.304478,10.0,31630.478,31640.478,1.0811,1.08114,MM,MetaQuotes Software Corp.,DEMO,MT5,ZMQ,EURUSD
348,2020-04-23 00:35:30.763000,2020-04-23 00:35:30.773000,2020-04-23 00:36:02.327724,10.0,31554.724,31564.724,1.0811,1.08114,MM,MetaQuotes Software Corp.,DEMO,MT5,ZMQ,EURUSD
349,2020-04-23 00:35:30.863000,2020-04-23 00:35:30.873000,2020-04-23 00:36:02.350624,10.0,31477.624,31487.624,1.0811,1.08114,MM,MetaQuotes Software Corp.,DEMO,MT5,ZMQ,EURUSD
350,2020-04-23 00:35:30.964000,2020-04-23 00:35:30.974000,2020-04-23 00:36:02.373644,10.0,31399.644,31409.644,1.0811,1.08114,MM,MetaQuotes Software Corp.,DEMO,MT5,ZMQ,EURUSD
351,2020-04-23 00:35:31.063000,2020-04-23 00:35:31.073000,2020-04-23 00:36:02.396575,10.0,31323.575,31333.575,1.0811,1.08114,MM,MetaQuotes Software Corp.,DEMO,MT5,ZMQ,EURUSD
352,2020-04-23 00:35:31.164000,2020-04-23 00:35:31.174000,2020-04-23 00:36:02.419814,10.0,31245.814,31255.814,1.0811,1.08114,MM,MetaQuotes Software Corp.,DEMO,MT5,ZMQ,EURUSD
353,2020-04-23 00:35:31.265000,2020-04-23 00:35:31.275000,2020-04-23 00:36:02.442984,10.0,31167.984,31177.984,1.0811,1.08114,MM,MetaQuotes Software Corp.,DEMO,MT5,ZMQ,EURUSD
354,2020-04-23 00:35:31.365000,2020-04-23 00:35:31.375000,2020-04-23 00:36:02.465977,10.0,31090.977,31100.977,1.0811,1.08114,MM,MetaQuotes Software Corp.,DEMO,MT5,ZMQ,EURUSD
355,2020-04-23 00:35:31.466000,2020-04-23 00:35:31.476000,2020-04-23 00:36:02.488979,10.0,31012.979,31022.979,1.0811,1.08114,MM,MetaQuotes Software Corp.,DEMO,MT5,ZMQ,EURUSD
356,2020-04-23 00:35:31.567000,2020-04-23 00:35:31.577000,2020-04-23 00:36:02.512025,10.0,30935.025,30945.025,1.0811,1.08114,MM,MetaQuotes Software Corp.,DEMO,MT5,ZMQ,EURUSD
357,2020-04-23 00:35:31.667000,2020-04-23 00:35:31.677000,2020-04-23 00:36:02.535130,10.0,30858.13,30868.13,1.0811,1.08114,MM,MetaQuotes Software Corp.,DEMO,MT5,ZMQ,EURUSD
358,2020-04-23 00:35:31.767000,2020-04-23 00:35:31.777000,2020-04-23 00:36:02.558157,10.0,30781.157,30791.157,1.0811,1.08114,MM,MetaQuotes Software Corp.,DEMO,MT5,ZMQ,EURUSD
359,2020-04-23 00:35:31.868000,2020-04-23 00:35:31.878000,2020-04-23 00:36:02.581053,10.0,30703.053,30713.053,1.0811,1.08114,MM,MetaQuotes Software Corp.,DEMO,MT5,ZMQ,EURUSD
360,2020-04-23 00:35:31.968000,2020-04-23 00:35:31.978000,2020-04-23 00:36:02.603947,10.0,30625.947,30635.947,1.0811,1.08114,MM,MetaQuotes Software Corp.,DEMO,MT5,ZMQ,EURUSD
361,2020-04-23 00:35:32.067000,2020-04-23 00:35:32.077000,2020-04-23 00:36:02.627331,10.0,30550.331,30560.331,1.08109,1.08113,MM,MetaQuotes Software Corp.,DEMO,MT5,ZMQ,EURUSD
362,2020-04-23 00:35:32.069000,2020-04-23 00:35:32.079000,2020-04-23 00:36:02.650437,10.0,30571.437,30581.437,1.08109,1.08113,MM,MetaQuotes Software Corp.,DEMO,MT5,ZMQ,EURUSD
363,2020-04-23 00:35:32.170000,2020-04-23 00:35:32.180000,2020-04-23 00:36:02.673694,10.0,30493.694,30503.694,1.08109,1.08113,MM,MetaQuotes Software Corp.,DEMO,MT5,ZMQ,EURUSD
364,2020-04-23 00:35:32.262000,2020-04-23 00:35:32.272000,2020-04-23 00:36:02.696762,10.0,30424.762,30434.762,1.08109,1.08114,MM,MetaQuotes Software Corp.,DEMO,MT5,ZMQ,EURUSD
365,2020-04-23 00:35:32.271000,2020-04-23 00:35:32.281000,2020-04-23 00:36:02.719931,10.0,30438.931,30448.931,1.08109,1.08114,MM,MetaQuotes Software Corp.,DEMO,MT5,ZMQ,EURUSD
366,2020-04-23 00:35:32.299000,2020-04-23 00:35:32.309000,2020-04-23 00:36:02.743022,10.0,30434.022,30444.022,1.08109,1.08115,MM,MetaQuotes Software Corp.,DEMO,MT5,ZMQ,EURUSD
367,2020-04-23 00:35:32.312000,2020-04-23 00:35:32.322000,2020-04-23 00:36:02.766262,10.0,30444.262,30454.262,1.08109,1.08113,MM,MetaQuotes Software Corp.,DEMO,MT5,ZMQ,EURUSD
368,2020-04-23 00:35:32.371000,2020-04-23 00:35:32.381000,2020-04-23 00:36:02.789986,10.0,30408.986,30418.986,1.08109,1.08113,MM,MetaQuotes Software Corp.,DEMO,MT5,ZMQ,EURUSD
369,2020-04-23 00:35:32.472000,2020-04-23 00:35:32.482000,2020-04-23 00:36:02.812986,10.0,30330.986,30340.986,1.08109,1.08113,MM,MetaQuotes Software Corp.,DEMO,MT5,ZMQ,EURUSD
370,2020-04-23 00:35:32.572000,2020-04-23 00:35:32.582000,2020-04-23 00:36:02.836408,10.0,30254.408,30264.408,1.08109,1.08113,MM,MetaQuotes Software Corp.,DEMO,MT5,ZMQ,EURUSD
371,2020-04-23 00:35:32.673000,2020-04-23 00:35:32.683000,2020-04-23 00:36:02.859578,10.0,30176.578,30186.578,1.08109,1.08113,MM,MetaQuotes Software Corp.,DEMO,MT5,ZMQ,EURUSD
372,2020-04-23 00:35:32.773000,2020-04-23 00:35:32.783000,2020-04-23 00:36:02.882723,10.0,30099.723,30109.723,1.08109,1.08113,MM,MetaQuotes Software Corp.,DEMO,MT5,ZMQ,EURUSD
373,2020-04-23 00:35:32.874000,2020-04-23 00:35:32.884000,2020-04-23 00:36:02.905837,10.0,30021.837,30031.837,1.08109,1.08113,MM,MetaQuotes Software Corp.,DEMO,MT5,ZMQ,EURUSD
374,2020-04-23 00:35:32.974000,2020-04-23 00:35:32.984000,2020-04-23 00:36:02.929013,10.0,29945.013,29955.013,1.08109,1.08113,MM,MetaQuotes Software Corp.,DEMO,MT5,ZMQ,EURUSD
375,2020-04-23 00:35:33.075000,2020-04-23 00:35:33.085000,2020-04-23 00:36:02.951964,10.0,29866.964,29876.964,1.08109,1.08113,MM,MetaQuotes Software Corp.,DEMO,MT5,ZMQ,EURUSD
376,2020-04-23 00:35:33.176000,2020-04-23 00:35:33.186000,2020-04-23 00:36:02.974966,10.0,29788.966,29798.966,1.08109,1.08113,MM,MetaQuotes Software Corp.,DEMO,MT5,ZMQ,EURUSD
377,2020-04-23 00:35:33.276000,2020-04-23 00:35:33.286000,2020-04-23 00:36:02.998936,10.0,29712.936,29722.936,1.08109,1.08113,MM,MetaQuotes Software Corp.,DEMO,MT5,ZMQ,EURUSD
378,2020-04-23 00:35:33.377000,2020-04-23 00:35:33.387000,2020-04-23 00:36:03.021728,10.0,29634.728,29644.728,1.08109,1.08113,MM,MetaQuotes Software Corp.,DEMO,MT5,ZMQ,EURUSD
379,2020-04-23 00:35:33.478000,2020-04-23 00:35:33.488000,2020-04-23 00:36:03.045593,10.0,29557.593,29567.593,1.08109,1.08113,MM,MetaQuotes Software Corp.,DEMO,MT5,ZMQ,EURUSD
380,2020-04-23 00:35:33.578000,2020-04-23 00:35:33.588000,2020-04-23 00:36:03.068718,10.0,29480.718,29490.718,1.08109,1.08113,MM,MetaQuotes Software Corp.,DEMO,MT5,ZMQ,EURUSD
381,2020-04-23 00:35:33.679000,2020-04-23 00:35:33.689000,2020-04-23 00:36:03.092137,10.0,29403.137,29413.137,1.08109,1.08113,MM,MetaQuotes Software Corp.,DEMO,MT5,ZMQ,EURUSD
382,2020-04-23 00:35:33.778000,2020-04-23 00:35:33.788000,2020-04-23 00:36:03.115773,10.0,29327.773,29337.773,1.08109,1.08113,MM,MetaQuotes Software Corp.,DEMO,MT5,ZMQ,EURUSD
383,2020-04-23 00:35:33.879000,2020-04-23 00:35:33.889000,2020-04-23 00:36:03.139301,10.0,29250.301,29260.301,1.08109,1.08113,MM,MetaQuotes Software Corp.,DEMO,MT5,ZMQ,EURUSD
384,2020-04-23 00:35:33.980000,2020-04-23 00:35:33.990000,2020-04-23 00:36:03.162299,10.0,29172.299,29182.299,1.08109,1.08113,MM,MetaQuotes Software Corp.,DEMO,MT5,ZMQ,EURUSD
385,2020-04-23 00:35:34.081000,2020-04-23 00:35:34.091000,2020-04-23 00:36:03.185307,10.0,29094.307,29104.307,1.08109,1.08113,MM,MetaQuotes Software Corp.,DEMO,MT5,ZMQ,EURUSD
386,2020-04-23 00:35:34.181000,2020-04-23 00:35:34.191000,2020-04-23 00:36:03.208190,10.0,29017.19,29027.19,1.08109,1.08113,MM,MetaQuotes Software Corp.,DEMO,MT5,ZMQ,EURUSD
387,2020-04-23 00:35:34.281000,2020-04-23 00:35:34.291000,2020-04-23 00:36:03.231263,10.0,28940.263,28950.263,1.08109,1.08113,MM,MetaQuotes Software Corp.,DEMO,MT5,ZMQ,EURUSD
388,2020-04-23 00:35:34.382000,2020-04-23 00:35:34.392000,2020-04-23 00:36:03.254646,10.0,28862.646,28872.646,1.08109,1.08113,MM,MetaQuotes Software Corp.,DEMO,MT5,ZMQ,EURUSD
389,2020-04-23 00:35:34.481000,2020-04-23 00:35:34.491000,2020-04-23 00:36:03.278380,10.0,28787.38,28797.38,1.08109,1.08113,MM,MetaQuotes Software Corp.,DEMO,MT5,ZMQ,EURUSD
390,2020-04-23 00:35:34.583000,2020-04-23 00:35:34.593000,2020-04-23 00:36:03.301778,10.0,28708.778,28718.778,1.08109,1.08113,MM,MetaQuotes Software Corp.,DEMO,MT5,ZMQ,EURUSD
391,2020-04-23 00:35:34.683000,2020-04-23 00:35:34.693000,2020-04-23 00:36:03.325092,10.0,28632.092,28642.092,1.08109,1.08113,MM,MetaQuotes Software Corp.,DEMO,MT5,ZMQ,EURUSD
392,2020-04-23 00:35:34.784000,2020-04-23 00:35:34.794000,2020-04-23 00:36:03.348147,10.0,28554.147,28564.147,1.08109,1.08113,MM,MetaQuotes Software Corp.,DEMO,MT5,ZMQ,EURUSD
393,2020-04-23 00:35:34.884000,2020-04-23 00:35:34.894000,2020-04-23 00:36:03.371158,10.0,28477.158,28487.158,1.08109,1.08113,MM,MetaQuotes Software Corp.,DEMO,MT5,ZMQ,EURUSD
394,2020-04-23 00:35:34.984000,2020-04-23 00:35:34.994000,2020-04-23 00:36:03.394131,10.0,28400.131,28410.131,1.08109,1.08113,MM,MetaQuotes Software Corp.,DEMO,MT5,ZMQ,EURUSD
395,2020-04-23 00:35:35.085000,2020-04-23 00:35:35.095000,2020-04-23 00:36:03.417110,10.0,28322.11,28332.11,1.08109,1.08113,MM,MetaQuotes Software Corp.,DEMO,MT5,ZMQ,EURUSD
396,2020-04-23 00:35:35.185000,2020-04-23 00:35:35.195000,2020-04-23 00:36:03.440026,10.0,28245.026,28255.026,1.08109,1.08113,MM,MetaQuotes Software Corp.,DEMO,MT5,ZMQ,EURUSD
397,2020-04-23 00:35:35.286000,2020-04-23 00:35:35.296000,2020-04-23 00:36:03.463350,10.0,28167.35,28177.35,1.08109,1.08113,MM,MetaQuotes Software Corp.,DEMO,MT5,ZMQ,EURUSD
398,2020-04-23 00:35:35.386000,2020-04-23 00:35:35.396000,2020-04-23 00:36:03.486523,10.0,28090.523,28100.523,1.08109,1.08113,MM,MetaQuotes Software Corp.,DEMO,MT5,ZMQ,EURUSD
399,2020-04-23 00:35:35.487000,2020-04-23 00:35:35.497000,2020-04-23 00:36:03.509588,10.0,28012.588,28022.588,1.08109,1.08113,MM,MetaQuotes Software Corp.,DEMO,MT5,ZMQ,EURUSD
400,2020-04-23 00:35:35.587000,2020-04-23 00:35:35.597000,2020-04-23 00:36:03.537961,10.0,27940.961,27950.961,1.08109,1.08113,MM,MetaQuotes Software Corp.,DEMO,MT5,ZMQ,EURUSD
401,2020-04-23 00:35:35.687000,2020-04-23 00:35:35.697000,2020-04-23 00:36:03.561060,10.0,27864.06,27874.06,1.08109,1.08113,MM,MetaQuotes Software Corp.,DEMO,MT5,ZMQ,EURUSD
402,2020-04-23 00:35:35.788000,2020-04-23 00:35:35.798000,2020-04-23 00:36:03.584354,10.0,27786.354,27796.354,1.08109,1.08113,MM,MetaQuotes Software Corp.,DEMO,MT5,ZMQ,EURUSD
403,2020-04-23 00:35:35.889000,2020-04-23 00:35:35.899000,2020-04-23 00:36:03.607289,10.0,27708.289,27718.289,1.08109,1.08113,MM,MetaQuotes Software Corp.,DEMO,MT5,ZMQ,EURUSD
404,2020-04-23 00:35:35.990000,2020-04-23 00:35:36.000000,2020-04-23 00:36:03.630239,10.0,27630.239,27640.239,1.08109,1.08113,MM,MetaQuotes Software Corp.,DEMO,MT5,ZMQ,EURUSD
405,2020-04-23 00:35:36.090000,2020-04-23 00:35:36.100000,2020-04-23 00:36:03.652994,10.0,27552.994,27562.994,1.08109,1.08113,MM,MetaQuotes Software Corp.,DEMO,MT5,ZMQ,EURUSD
406,2020-04-23 00:35:36.190000,2020-04-23 00:35:36.200000,2020-04-23 00:36:03.676525,10.0,27476.525,27486.525,1.08109,1.08113,MM,MetaQuotes Software Corp.,DEMO,MT5,ZMQ,EURUSD
407,2020-04-23 00:35:36.290000,2020-04-23 00:35:36.300000,2020-04-23 00:36:03.699564,10.0,27399.564,27409.564,1.08109,1.08113,MM,MetaQuotes Software Corp.,DEMO,MT5,ZMQ,EURUSD
408,2020-04-23 00:35:36.390000,2020-04-23 00:35:36.400000,2020-04-23 00:36:03.722990,10.0,27322.99,27332.99,1.08109,1.08113,MM,MetaQuotes Software Corp.,DEMO,MT5,ZMQ,EURUSD
409,2020-04-23 00:35:36.491000,2020-04-23 00:35:36.501000,2020-04-23 00:36:03.746370,10.0,27245.37,27255.37,1.08109,1.08113,MM,MetaQuotes Software Corp.,DEMO,MT5,ZMQ,EURUSD
410,2020-04-23 00:35:36.592000,2020-04-23 00:35:36.602000,2020-04-23 00:36:03.769718,10.0,27167.718,27177.718,1.08109,1.08113,MM,MetaQuotes Software Corp.,DEMO,MT5,ZMQ,EURUSD
411,2020-04-23 00:35:36.692000,2020-04-23 00:35:36.702000,2020-04-23 00:36:03.793099,10.0,27091.099,27101.099,1.08109,1.08113,MM,MetaQuotes Software Corp.,DEMO,MT5,ZMQ,EURUSD
412,2020-04-23 00:35:36.792000,2020-04-23 00:35:36.802000,2020-04-23 00:36:03.816412,10.0,27014.412,27024.412,1.08109,1.08113,MM,MetaQuotes Software Corp.,DEMO,MT5,ZMQ,EURUSD
413,2020-04-23 00:35:36.894000,2020-04-23 00:35:36.904000,2020-04-23 00:36:03.840048,10.0,26936.048,26946.048,1.08109,1.08113,MM,MetaQuotes Software Corp.,DEMO,MT5,ZMQ,EURUSD
414,2020-04-23 00:35:36.993300,2020-04-23 00:35:37.003300,2020-04-23 00:36:03.863092,10.0,26859.792,26869.792,1.08109,1.08113,MM,MetaQuotes Software Corp.,DEMO,MT5,ZMQ,EURUSD
415,2020-04-23 00:35:37.093000,2020-04-23 00:35:37.103000,2020-04-23 00:36:03.886666,10.0,26783.666,26793.666,1.08109,1.08113,MM,MetaQuotes Software Corp.,DEMO,MT5,ZMQ,EURUSD
416,2020-04-23 00:35:37.194000,2020-04-23 00:35:37.204000,2020-04-23 00:36:03.909761,10.0,26705.761,26715.761,1.08109,1.08113,MM,MetaQuotes Software Corp.,DEMO,MT5,ZMQ,EURUSD
417,2020-04-23 00:35:37.294000,2020-04-23 00:35:37.304000,2020-04-23 00:36:03.932770,10.0,26628.77,26638.77,1.08109,1.08113,MM,MetaQuotes Software Corp.,DEMO,MT5,ZMQ,EURUSD
418,2020-04-23 00:35:37.395000,2020-04-23 00:35:37.405000,2020-04-23 00:36:03.955785,10.0,26550.785,26560.785,1.08109,1.08113,MM,MetaQuotes Software Corp.,DEMO,MT5,ZMQ,EURUSD
419,2020-04-23 00:35:37.496000,2020-04-23 00:35:37.506000,2020-04-23 00:36:03.979278,10.0,26473.278,26483.278,1.08109,1.08113,MM,MetaQuotes Software Corp.,DEMO,MT5,ZMQ,EURUSD
420,2020-04-23 00:35:37.595000,2020-04-23 00:35:37.605000,2020-04-23 00:36:04.002293,10.0,26397.293,26407.293,1.08109,1.08113,MM,MetaQuotes Software Corp.,DEMO,MT5,ZMQ,EURUSD
421,2020-04-23 00:35:37.696000,2020-04-23 00:35:37.706000,2020-04-23 00:36:04.025267,10.0,26319.267,26329.267,1.08109,1.08113,MM,MetaQuotes Software Corp.,DEMO,MT5,ZMQ,EURUSD
422,2020-04-23 00:35:37.796000,2020-04-23 00:35:37.806000,2020-04-23 00:36:04.048224,10.0,26242.224,26252.224,1.08109,1.08113,MM,MetaQuotes Software Corp.,DEMO,MT5,ZMQ,EURUSD
423,2020-04-23 00:35:37.897000,2020-04-23 00:35:37.907000,2020-04-23 00:36:04.071146,10.0,26164.146,26174.146,1.08109,1.08113,MM,MetaQuotes Software Corp.,DEMO,MT5,ZMQ,EURUSD
424,2020-04-23 00:35:37.997700,2020-04-23 00:35:38.007700,2020-04-23 00:36:04.094526,10.0,26086.826,26096.826,1.08109,1.08113,MM,MetaQuotes Software Corp.,DEMO,MT5,ZMQ,EURUSD
425,2020-04-23 00:35:38.099000,2020-04-23 00:35:38.109000,2020-04-23 00:36:04.117691,10.0,26008.691,26018.691,1.08109,1.08113,MM,MetaQuotes Software Corp.,DEMO,MT5,ZMQ,EURUSD
426,2020-04-23 00:35:38.198000,2020-04-23 00:35:38.208000,2020-04-23 00:36:04.140770,10.0,25932.77,25942.77,1.08109,1.08113,MM,MetaQuotes Software Corp.,DEMO,MT5,ZMQ,EURUSD
427,2020-04-23 00:35:38.298000,2020-04-23 00:35:38.308000,2020-04-23 00:36:04.163942,10.0,25855.942,25865.942,1.08109,1.08113,MM,MetaQuotes Software Corp.,DEMO,MT5,ZMQ,EURUSD
428,2020-04-23 00:35:38.398000,2020-04-23 00:35:38.408000,2020-04-23 00:36:04.187162,10.0,25779.162,25789.162,1.08109,1.08113,MM,MetaQuotes Software Corp.,DEMO,MT5,ZMQ,EURUSD
429,2020-04-23 00:35:38.499000,2020-04-23 00:35:38.509000,2020-04-23 00:36:04.210370,10.0,25701.37,25711.37,1.08109,1.08113,MM,MetaQuotes Software Corp.,DEMO,MT5,ZMQ,EURUSD
430,2020-04-23 00:35:38.600000,2020-04-23 00:35:38.610000,2020-04-23 00:36:04.233733,10.0,25623.733,25633.733,1.08109,1.08113,MM,MetaQuotes Software Corp.,DEMO,MT5,ZMQ,EURUSD
431,2020-04-23 00:35:38.701000,2020-04-23 00:35:38.711000,2020-04-23 00:36:04.256853,10.0,25545.853,25555.853,1.08109,1.08113,MM,MetaQuotes Software Corp.,DEMO,MT5,ZMQ,EURUSD
432,2020-04-23 00:35:38.800000,2020-04-23 00:35:38.810000,2020-04-23 00:36:04.279703,10.0,25469.703,25479.703,1.08109,1.08113,MM,MetaQuotes Software Corp.,DEMO,MT5,ZMQ,EURUSD
433,2020-04-23 00:35:38.901000,2020-04-23 00:35:38.911000,2020-04-23 00:36:04.302989,10.0,25391.989,25401.989,1.08109,1.08113,MM,MetaQuotes Software Corp.,DEMO,MT5,ZMQ,EURUSD
434,2020-04-23 00:35:39.001000,2020-04-23 00:35:39.011000,2020-04-23 00:36:04.326101,10.0,25315.101,25325.101,1.08109,1.08113,MM,MetaQuotes Software Corp.,DEMO,MT5,ZMQ,EURUSD
435,2020-04-23 00:35:39.101000,2020-04-23 00:35:39.111000,2020-04-23 00:36:04.349137,10.0,25238.137,25248.137,1.08109,1.08113,MM,MetaQuotes Software Corp.,DEMO,MT5,ZMQ,EURUSD
436,2020-04-23 00:35:39.202000,2020-04-23 00:35:39.212000,2020-04-23 00:36:04.372319,10.0,25160.319,25170.319,1.08109,1.08113,MM,MetaQuotes Software Corp.,DEMO,MT5,ZMQ,EURUSD
437,2020-04-23 00:35:39.302000,2020-04-23 00:35:39.312000,2020-04-23 00:36:04.395560,10.0,25083.56,25093.56,1.08109,1.08113,MM,MetaQuotes Software Corp.,DEMO,MT5,ZMQ,EURUSD
438,2020-04-23 00:35:39.402000,2020-04-23 00:35:39.412000,2020-04-23 00:36:04.418835,10.0,25006.835,25016.835,1.08109,1.08113,MM,MetaQuotes Software Corp.,DEMO,MT5,ZMQ,EURUSD
439,2020-04-23 00:35:39.503000,2020-04-23 00:35:39.513000,2020-04-23 00:36:04.441630,10.0,24928.63,24938.63,1.08109,1.08113,MM,MetaQuotes Software Corp.,DEMO,MT5,ZMQ,EURUSD
440,2020-04-23 00:35:39.603000,2020-04-23 00:35:39.613000,2020-04-23 00:36:04.465035,10.0,24852.035,24862.035,1.08109,1.08113,MM,MetaQuotes Software Corp.,DEMO,MT5,ZMQ,EURUSD
441,2020-04-23 00:35:39.704000,2020-04-23 00:35:39.714000,2020-04-23 00:36:04.487976,10.0,24773.976,24783.976,1.08109,1.08113,MM,MetaQuotes Software Corp.,DEMO,MT5,ZMQ,EURUSD
442,2020-04-23 00:35:39.804000,2020-04-23 00:35:39.814000,2020-04-23 00:36:04.511424,10.0,24697.424,24707.424,1.08109,1.08113,MM,MetaQuotes Software Corp.,DEMO,MT5,ZMQ,EURUSD
443,2020-04-23 00:35:39.905000,2020-04-23 00:35:39.915000,2020-04-23 00:36:04.534497,10.0,24619.497,24629.497,1.08109,1.08113,MM,MetaQuotes Software Corp.,DEMO,MT5,ZMQ,EURUSD
444,2020-04-23 00:35:40.004000,2020-04-23 00:35:40.014000,2020-04-23 00:36:04.557643,10.0,24543.643,24553.643,1.08109,1.08113,MM,MetaQuotes Software Corp.,DEMO,MT5,ZMQ,EURUSD
445,2020-04-23 00:35:40.105000,2020-04-23 00:35:40.115000,2020-04-23 00:36:04.580678,10.0,24465.678,24475.678,1.08109,1.08113,MM,MetaQuotes Software Corp.,DEMO,MT5,ZMQ,EURUSD
446,2020-04-23 00:35:40.205000,2020-04-23 00:35:40.215000,2020-04-23 00:36:04.603824,10.0,24388.824,24398.824,1.08109,1.08113,MM,MetaQuotes Software Corp.,DEMO,MT5,ZMQ,EURUSD
447,2020-04-23 00:35:40.306000,2020-04-23 00:35:40.316000,2020-04-23 00:36:04.626885,10.0,24310.885,24320.885,1.08109,1.08113,MM,MetaQuotes Software Corp.,DEMO,MT5,ZMQ,EURUSD
448,2020-04-23 00:35:40.406000,2020-04-23 00:35:40.416000,2020-04-23 00:36:04.649688,10.0,24233.688,24243.688,1.08109,1.08113,MM,MetaQuotes Software Corp.,DEMO,MT5,ZMQ,EURUSD
449,2020-04-23 00:35:40.507000,2020-04-23 00:35:40.517000,2020-04-23 00:36:04.673354,10.0,24156.354,24166.354,1.08109,1.08113,MM,MetaQuotes Software Corp.,DEMO,MT5,ZMQ,EURUSD
450,2020-04-23 00:35:40.606000,2020-04-23 00:35:40.616000,2020-04-23 00:36:04.696200,10.0,24080.2,24090.2,1.08109,1.08113,MM,MetaQuotes Software Corp.,DEMO,MT5,ZMQ,EURUSD
451,2020-04-23 00:35:40.707000,2020-04-23 00:35:40.717000,2020-04-23 00:36:04.719402,10.0,24002.402,24012.402,1.08109,1.08113,MM,MetaQuotes Software Corp.,DEMO,MT5,ZMQ,EURUSD
452,2020-04-23 00:35:40.813000,2020-04-23 00:35:40.823000,2020-04-23 00:36:04.742593,10.0,23919.593,23929.593,1.08109,1.08113,MM,MetaQuotes Software Corp.,DEMO,MT5,ZMQ,EURUSD
453,2020-04-23 00:35:40.908000,2020-04-23 00:35:40.918000,2020-04-23 00:36:04.765727,10.0,23847.727,23857.727,1.08109,1.08113,MM,MetaQuotes Software Corp.,DEMO,MT5,ZMQ,EURUSD
454,2020-04-23 00:35:41.007000,2020-04-23 00:35:41.017000,2020-04-23 00:36:04.789110,10.0,23772.11,23782.11,1.08109,1.08113,MM,MetaQuotes Software Corp.,DEMO,MT5,ZMQ,EURUSD
455,2020-04-23 00:35:41.108000,2020-04-23 00:35:41.118000,2020-04-23 00:36:04.812297,10.0,23694.297,23704.297,1.08109,1.08113,MM,MetaQuotes Software Corp.,DEMO,MT5,ZMQ,EURUSD
456,2020-04-23 00:35:41.209000,2020-04-23 00:35:41.219000,2020-04-23 00:36:04.835595,10.0,23616.595,23626.595,1.08109,1.08113,MM,MetaQuotes Software Corp.,DEMO,MT5,ZMQ,EURUSD
457,2020-04-23 00:35:41.309000,2020-04-23 00:35:41.319000,2020-04-23 00:36:04.858451,10.0,23539.451,23549.451,1.08109,1.08113,MM,MetaQuotes Software Corp.,DEMO,MT5,ZMQ,EURUSD
458,2020-04-23 00:35:41.409000,2020-04-23 00:35:41.419000,2020-04-23 00:36:04.881289,10.0,23462.289,23472.289,1.08109,1.08113,MM,MetaQuotes Software Corp.,DEMO,MT5,ZMQ,EURUSD
459,2020-04-23 00:35:41.511000,2020-04-23 00:35:41.521000,2020-04-23 00:36:04.904216,10.0,23383.216,23393.216,1.08109,1.08113,MM,MetaQuotes Software Corp.,DEMO,MT5,ZMQ,EURUSD
460,2020-04-23 00:35:41.610000,2020-04-23 00:35:41.620000,2020-04-23 00:36:04.927434,10.0,23307.434,23317.434,1.08109,1.08113,MM,MetaQuotes Software Corp.,DEMO,MT5,ZMQ,EURUSD
461,2020-04-23 00:35:41.710000,2020-04-23 00:35:41.720000,2020-04-23 00:36:04.950491,10.0,23230.491,23240.491,1.08109,1.08113,MM,MetaQuotes Software Corp.,DEMO,MT5,ZMQ,EURUSD
462,2020-04-23 00:35:41.810000,2020-04-23 00:35:41.820000,2020-04-23 00:36:04.973604,10.0,23153.604,23163.604,1.08109,1.08113,MM,MetaQuotes Software Corp.,DEMO,MT5,ZMQ,EURUSD
463,2020-04-23 00:35:41.910000,2020-04-23 00:35:41.920000,2020-04-23 00:36:04.996743,10.0,23076.743,23086.743,1.08109,1.08113,MM,MetaQuotes Software Corp.,DEMO,MT5,ZMQ,EURUSD
464,2020-04-23 00:35:42.011000,2020-04-23 00:35:42.021000,2020-04-23 00:36:05.020138,10.0,22999.138,23009.138,1.08109,1.08113,MM,MetaQuotes Software Corp.,DEMO,MT5,ZMQ,EURUSD
465,2020-04-23 00:35:42.111000,2020-04-23 00:35:42.121000,2020-04-23 00:36:05.043141,10.0,22922.141,22932.141,1.08109,1.08113,MM,MetaQuotes Software Corp.,DEMO,MT5,ZMQ,EURUSD
466,2020-04-23 00:35:42.212000,2020-04-23 00:35:42.222000,2020-04-23 00:36:05.066274,10.0,22844.274,22854.274,1.08109,1.08113,MM,MetaQuotes Software Corp.,DEMO,MT5,ZMQ,EURUSD
467,2020-04-23 00:35:42.312000,2020-04-23 00:35:42.322000,2020-04-23 00:36:05.089137,10.0,22767.137,22777.137,1.08109,1.08113,MM,MetaQuotes Software Corp.,DEMO,MT5,ZMQ,EURUSD
468,2020-04-23 00:35:42.412000,2020-04-23 00:35:42.422000,2020-04-23 00:36:05.112035,10.0,22690.035,22700.035,1.08109,1.08113,MM,MetaQuotes Software Corp.,DEMO,MT5,ZMQ,EURUSD
469,2020-04-23 00:35:42.512000,2020-04-23 00:35:42.522000,2020-04-23 00:36:05.135294,10.0,22613.294,22623.294,1.08109,1.08113,MM,MetaQuotes Software Corp.,DEMO,MT5,ZMQ,EURUSD
470,2020-04-23 00:35:42.612000,2020-04-23 00:35:42.622000,2020-04-23 00:36:05.158316,10.0,22536.316,22546.316,1.08109,1.08113,MM,MetaQuotes Software Corp.,DEMO,MT5,ZMQ,EURUSD
471,2020-04-23 00:35:42.714000,2020-04-23 00:35:42.724000,2020-04-23 00:36:05.181445,10.0,22457.445,22467.445,1.08109,1.08113,MM,MetaQuotes Software Corp.,DEMO,MT5,ZMQ,EURUSD
472,2020-04-23 00:35:42.814000,2020-04-23 00:35:42.824000,2020-04-23 00:36:05.204576,10.0,22380.576,22390.576,1.08109,1.08113,MM,MetaQuotes Software Corp.,DEMO,MT5,ZMQ,EURUSD
473,2020-04-23 00:35:42.914000,2020-04-23 00:35:42.924000,2020-04-23 00:36:05.227619,10.0,22303.619,22313.619,1.08109,1.08113,MM,MetaQuotes Software Corp.,DEMO,MT5,ZMQ,EURUSD
474,2020-04-23 00:35:43.014000,2020-04-23 00:35:43.024000,2020-04-23 00:36:05.250719,10.0,22226.719,22236.719,1.08109,1.08113,MM,MetaQuotes Software Corp.,DEMO,MT5,ZMQ,EURUSD
475,2020-04-23 00:35:43.115000,2020-04-23 00:35:43.125000,2020-04-23 00:36:05.273634,10.0,22148.634,22158.634,1.08109,1.08113,MM,MetaQuotes Software Corp.,DEMO,MT5,ZMQ,EURUSD
476,2020-04-23 00:35:43.214000,2020-04-23 00:35:43.224000,2020-04-23 00:36:05.296512,10.0,22072.512,22082.512,1.08109,1.08113,MM,MetaQuotes Software Corp.,DEMO,MT5,ZMQ,EURUSD
477,2020-04-23 00:35:43.315000,2020-04-23 00:35:43.325000,2020-04-23 00:36:05.320030,10.0,21995.03,22005.03,1.08109,1.08113,MM,MetaQuotes Software Corp.,DEMO,MT5,ZMQ,EURUSD
478,2020-04-23 00:35:43.415000,2020-04-23 00:35:43.425000,2020-04-23 00:36:05.343820,10.0,21918.82,21928.82,1.08109,1.08113,MM,MetaQuotes Software Corp.,DEMO,MT5,ZMQ,EURUSD
479,2020-04-23 00:35:43.515000,2020-04-23 00:35:43.525000,2020-04-23 00:36:05.367140,10.0,21842.14,21852.14,1.08109,1.08113,MM,MetaQuotes Software Corp.,DEMO,MT5,ZMQ,EURUSD
480,2020-04-23 00:35:43.616000,2020-04-23 00:35:43.626000,2020-04-23 00:36:05.390526,10.0,21764.526,21774.526,1.08109,1.08113,MM,MetaQuotes Software Corp.,DEMO,MT5,ZMQ,EURUSD
481,2020-04-23 00:35:43.717000,2020-04-23 00:35:43.727000,2020-04-23 00:36:05.413819,10.0,21686.819,21696.819,1.08109,1.08113,MM,MetaQuotes Software Corp.,DEMO,MT5,ZMQ,EURUSD
482,2020-04-23 00:35:43.817000,2020-04-23 00:35:43.827000,2020-04-23 00:36:05.437066,10.0,21610.066,21620.066,1.08109,1.08113,MM,MetaQuotes Software Corp.,DEMO,MT5,ZMQ,EURUSD
483,2020-04-23 00:35:43.917000,2020-04-23 00:35:43.927000,2020-04-23 00:36:05.460029,10.0,21533.029,21543.029,1.08109,1.08113,MM,MetaQuotes Software Corp.,DEMO,MT5,ZMQ,EURUSD
484,2020-04-23 00:35:44.017000,2020-04-23 00:35:44.027000,2020-04-23 00:36:05.482798,10.0,21455.798,21465.798,1.08109,1.08113,MM,MetaQuotes Software Corp.,DEMO,MT5,ZMQ,EURUSD
485,2020-04-23 00:35:44.119000,2020-04-23 00:35:44.129000,2020-04-23 00:36:05.505537,10.0,21376.537,21386.537,1.08109,1.08113,MM,MetaQuotes Software Corp.,DEMO,MT5,ZMQ,EURUSD
486,2020-04-23 00:35:44.217000,2020-04-23 00:35:44.227000,2020-04-23 00:36:05.528261,10.0,21301.261,21311.261,1.08109,1.08113,MM,MetaQuotes Software Corp.,DEMO,MT5,ZMQ,EURUSD
487,2020-04-23 00:35:44.318000,2020-04-23 00:35:44.328000,2020-04-23 00:36:05.551437,10.0,21223.437,21233.437,1.08109,1.08113,MM,MetaQuotes Software Corp.,DEMO,MT5,ZMQ,EURUSD
488,2020-04-23 00:35:44.418000,2020-04-23 00:35:44.428000,2020-04-23 00:36:05.574426,10.0,21146.426,21156.426,1.08109,1.08113,MM,MetaQuotes Software Corp.,DEMO,MT5,ZMQ,EURUSD
489,2020-04-23 00:35:44.519000,2020-04-23 00:35:44.529000,2020-04-23 00:36:05.597424,10.0,21068.424,21078.424,1.08109,1.08113,MM,MetaQuotes Software Corp.,DEMO,MT5,ZMQ,EURUSD
490,2020-04-23 00:35:44.618000,2020-04-23 00:35:44.628000,2020-04-23 00:36:05.620595,10.0,20992.595,21002.595,1.08109,1.08113,MM,MetaQuotes Software Corp.,DEMO,MT5,ZMQ,EURUSD
491,2020-04-23 00:35:44.719000,2020-04-23 00:35:44.729000,2020-04-23 00:36:05.643638,10.0,20914.638,20924.638,1.08109,1.08113,MM,MetaQuotes Software Corp.,DEMO,MT5,ZMQ,EURUSD
492,2020-04-23 00:35:44.818000,2020-04-23 00:35:44.828000,2020-04-23 00:36:05.666803,10.0,20838.803,20848.803,1.08109,1.08113,MM,MetaQuotes Software Corp.,DEMO,MT5,ZMQ,EURUSD
493,2020-04-23 00:35:44.920000,2020-04-23 00:35:44.930000,2020-04-23 00:36:05.690587,10.0,20760.587,20770.587,1.08109,1.08113,MM,MetaQuotes Software Corp.,DEMO,MT5,ZMQ,EURUSD
494,2020-04-23 00:35:45.019000,2020-04-23 00:35:45.029000,2020-04-23 00:36:05.713462,10.0,20684.462,20694.462,1.08109,1.08113,MM,MetaQuotes Software Corp.,DEMO,MT5,ZMQ,EURUSD
495,2020-04-23 00:35:45.120000,2020-04-23 00:35:45.130000,2020-04-23 00:36:05.736300,10.0,20606.3,20616.3,1.08109,1.08113,MM,MetaQuotes Software Corp.,DEMO,MT5,ZMQ,EURUSD
496,2020-04-23 00:35:45.220000,2020-04-23 00:35:45.230000,2020-04-23 00:36:05.759809,10.0,20529.809,20539.809,1.08109,1.08113,MM,MetaQuotes Software Corp.,DEMO,MT5,ZMQ,EURUSD
497,2020-04-23 00:35:45.321000,2020-04-23 00:35:45.331000,2020-04-23 00:36:05.783092,10.0,20452.092,20462.092,1.08109,1.08113,MM,MetaQuotes Software Corp.,DEMO,MT5,ZMQ,EURUSD
498,2020-04-23 00:35:45.421000,2020-04-23 00:35:45.431000,2020-04-23 00:36:05.806543,10.0,20375.543,20385.543,1.08109,1.08113,MM,MetaQuotes Software Corp.,DEMO,MT5,ZMQ,EURUSD
499,2020-04-23 00:35:45.521000,2020-04-23 00:35:45.531000,2020-04-23 00:36:05.829715,10.0,20298.715,20308.715,1.08109,1.08113,MM,MetaQuotes Software Corp.,DEMO,MT5,ZMQ,EURUSD
500,2020-04-23 00:35:45.621000,2020-04-23 00:35:45.631000,2020-04-23 00:36:05.859198,10.0,20228.198,20238.198,1.08109,1.08113,MM,MetaQuotes Software Corp.,DEMO,MT5,ZMQ,EURUSD
501,2020-04-23 00:35:45.722000,2020-04-23 00:35:45.732000,2020-04-23 00:36:05.882087,10.0,20150.087,20160.087,1.08109,1.08113,MM,MetaQuotes Software Corp.,DEMO,MT5,ZMQ,EURUSD
502,2020-04-23 00:35:45.822000,2020-04-23 00:35:45.832000,2020-04-23 00:36:05.904990,10.0,20072.99,20082.99,1.08109,1.08113,MM,MetaQuotes Software Corp.,DEMO,MT5,ZMQ,EURUSD
503,2020-04-23 00:35:45.922000,2020-04-23 00:35:45.932000,2020-04-23 00:36:05.928009,10.0,19996.009,20006.009,1.08109,1.08113,MM,MetaQuotes Software Corp.,DEMO,MT5,ZMQ,EURUSD
504,2020-04-23 00:35:46.023000,2020-04-23 00:35:46.033000,2020-04-23 00:36:05.950771,10.0,19917.771,19927.771,1.08109,1.08113,MM,MetaQuotes Software Corp.,DEMO,MT5,ZMQ,EURUSD
505,2020-04-23 00:35:46.123000,2020-04-23 00:35:46.133000,2020-04-23 00:36:05.974220,10.0,19841.22,19851.22,1.08109,1.08113,MM,MetaQuotes Software Corp.,DEMO,MT5,ZMQ,EURUSD
506,2020-04-23 00:35:46.222000,2020-04-23 00:35:46.232000,2020-04-23 00:36:05.997593,10.0,19765.593,19775.593,1.08109,1.08113,MM,MetaQuotes Software Corp.,DEMO,MT5,ZMQ,EURUSD
507,2020-04-23 00:35:46.323000,2020-04-23 00:35:46.333000,2020-04-23 00:36:06.020949,10.0,19687.949,19697.949,1.08109,1.08113,MM,MetaQuotes Software Corp.,DEMO,MT5,ZMQ,EURUSD
508,2020-04-23 00:35:46.423000,2020-04-23 00:35:46.433000,2020-04-23 00:36:06.043946,10.0,19610.946,19620.946,1.08109,1.08113,MM,MetaQuotes Software Corp.,DEMO,MT5,ZMQ,EURUSD
509,2020-04-23 00:35:46.523000,2020-04-23 00:35:46.533000,2020-04-23 00:36:06.067154,10.0,19534.154,19544.154,1.08109,1.08113,MM,MetaQuotes Software Corp.,DEMO,MT5,ZMQ,EURUSD
510,2020-04-23 00:35:46.624000,2020-04-23 00:35:46.634000,2020-04-23 00:36:06.090107,10.0,19456.107,19466.107,1.08109,1.08113,MM,MetaQuotes Software Corp.,DEMO,MT5,ZMQ,EURUSD
511,2020-04-23 00:35:46.723000,2020-04-23 00:35:46.733000,2020-04-23 00:36:06.112989,10.0,19379.989,19389.989,1.08109,1.08113,MM,MetaQuotes Software Corp.,DEMO,MT5,ZMQ,EURUSD
512,2020-04-23 00:35:46.824000,2020-04-23 00:35:46.834000,2020-04-23 00:36:06.136070,10.0,19302.07,19312.07,1.08109,1.08113,MM,MetaQuotes Software Corp.,DEMO,MT5,ZMQ,EURUSD
513,2020-04-23 00:35:46.924000,2020-04-23 00:35:46.934000,2020-04-23 00:36:06.158985,10.0,19224.985,19234.985,1.08109,1.08113,MM,MetaQuotes Software Corp.,DEMO,MT5,ZMQ,EURUSD
514,2020-04-23 00:35:47.024000,2020-04-23 00:35:47.034000,2020-04-23 00:36:06.182406,10.0,19148.406,19158.406,1.08109,1.08113,MM,MetaQuotes Software Corp.,DEMO,MT5,ZMQ,EURUSD
515,2020-04-23 00:35:47.125000,2020-04-23 00:35:47.135000,2020-04-23 00:36:06.205385,10.0,19070.385,19080.385,1.08109,1.08113,MM,MetaQuotes Software Corp.,DEMO,MT5,ZMQ,EURUSD
516,2020-04-23 00:35:47.224000,2020-04-23 00:35:47.234000,2020-04-23 00:36:06.228429,10.0,18994.429,19004.429,1.08109,1.08113,MM,MetaQuotes Software Corp.,DEMO,MT5,ZMQ,EURUSD
517,2020-04-23 00:35:47.325000,2020-04-23 00:35:47.335000,2020-04-23 00:36:06.251449,10.0,18916.449,18926.449,1.08109,1.08113,MM,MetaQuotes Software Corp.,DEMO,MT5,ZMQ,EURUSD
518,2020-04-23 00:35:47.425000,2020-04-23 00:35:47.435000,2020-04-23 00:36:06.274566,10.0,18839.566,18849.566,1.08109,1.08113,MM,MetaQuotes Software Corp.,DEMO,MT5,ZMQ,EURUSD
519,2020-04-23 00:35:47.526000,2020-04-23 00:35:47.536000,2020-04-23 00:36:06.297718,10.0,18761.718,18771.718,1.08109,1.08113,MM,MetaQuotes Software Corp.,DEMO,MT5,ZMQ,EURUSD
520,2020-04-23 00:35:47.626000,2020-04-23 00:35:47.636000,2020-04-23 00:36:06.320655,10.0,18684.655,18694.655,1.08109,1.08113,MM,MetaQuotes Software Corp.,DEMO,MT5,ZMQ,EURUSD
521,2020-04-23 00:35:47.727000,2020-04-23 00:35:47.737000,2020-04-23 00:36:06.343444,10.0,18606.444,18616.444,1.08109,1.08113,MM,MetaQuotes Software Corp.,DEMO,MT5,ZMQ,EURUSD
522,2020-04-23 00:35:47.826000,2020-04-23 00:35:47.836000,2020-04-23 00:36:06.366197,10.0,18530.197,18540.197,1.08109,1.08113,MM,MetaQuotes Software Corp.,DEMO,MT5,ZMQ,EURUSD
523,2020-04-23 00:35:47.926000,2020-04-23 00:35:47.936000,2020-04-23 00:36:06.389634,10.0,18453.634,18463.634,1.08109,1.08113,MM,MetaQuotes Software Corp.,DEMO,MT5,ZMQ,EURUSD
524,2020-04-23 00:35:48.027000,2020-04-23 00:35:48.037000,2020-04-23 00:36:06.412863,10.0,18375.863,18385.863,1.08109,1.08113,MM,MetaQuotes Software Corp.,DEMO,MT5,ZMQ,EURUSD
525,2020-04-23 00:35:48.127000,2020-04-23 00:35:48.137000,2020-04-23 00:36:06.436132,10.0,18299.132,18309.132,1.08109,1.08113,MM,MetaQuotes Software Corp.,DEMO,MT5,ZMQ,EURUSD
526,2020-04-23 00:35:48.228000,2020-04-23 00:35:48.238000,2020-04-23 00:36:06.459270,10.0,18221.27,18231.27,1.08109,1.08113,MM,MetaQuotes Software Corp.,DEMO,MT5,ZMQ,EURUSD
527,2020-04-23 00:35:48.327000,2020-04-23 00:35:48.337000,2020-04-23 00:36:06.482605,10.0,18145.605,18155.605,1.08109,1.08113,MM,MetaQuotes Software Corp.,DEMO,MT5,ZMQ,EURUSD
528,2020-04-23 00:35:48.428000,2020-04-23 00:35:48.438000,2020-04-23 00:36:06.505662,10.0,18067.662,18077.662,1.08109,1.08113,MM,MetaQuotes Software Corp.,DEMO,MT5,ZMQ,EURUSD
529,2020-04-23 00:35:48.529000,2020-04-23 00:35:48.539000,2020-04-23 00:36:06.528637,10.0,17989.637,17999.637,1.08109,1.08113,MM,MetaQuotes Software Corp.,DEMO,MT5,ZMQ,EURUSD
530,2020-04-23 00:35:48.628000,2020-04-23 00:35:48.638000,2020-04-23 00:36:06.551560,10.0,17913.56,17923.56,1.08109,1.08113,MM,MetaQuotes Software Corp.,DEMO,MT5,ZMQ,EURUSD
531,2020-04-23 00:35:48.728000,2020-04-23 00:35:48.738000,2020-04-23 00:36:06.574467,10.0,17836.467,17846.467,1.08109,1.08113,MM,MetaQuotes Software Corp.,DEMO,MT5,ZMQ,EURUSD
532,2020-04-23 00:35:48.829000,2020-04-23 00:35:48.839000,2020-04-23 00:36:06.598082,10.0,17759.082,17769.082,1.08109,1.08113,MM,MetaQuotes Software Corp.,DEMO,MT5,ZMQ,EURUSD
533,2020-04-23 00:35:48.929000,2020-04-23 00:35:48.939000,2020-04-23 00:36:06.621369,10.0,17682.369,17692.369,1.08109,1.08113,MM,MetaQuotes Software Corp.,DEMO,MT5,ZMQ,EURUSD
534,2020-04-23 00:35:49.030000,2020-04-23 00:35:49.040000,2020-04-23 00:36:06.644557,10.0,17604.557,17614.557,1.08109,1.08113,MM,MetaQuotes Software Corp.,DEMO,MT5,ZMQ,EURUSD
535,2020-04-23 00:35:49.129000,2020-04-23 00:35:49.139000,2020-04-23 00:36:06.667731,10.0,17528.731,17538.731,1.08109,1.08113,MM,MetaQuotes Software Corp.,DEMO,MT5,ZMQ,EURUSD
536,2020-04-23 00:35:49.230000,2020-04-23 00:35:49.240000,2020-04-23 00:36:06.690868,10.0,17450.868,17460.868,1.08109,1.08113,MM,MetaQuotes Software Corp.,DEMO,MT5,ZMQ,EURUSD
537,2020-04-23 00:35:49.329000,2020-04-23 00:35:49.339000,2020-04-23 00:36:06.713763,10.0,17374.763,17384.763,1.08109,1.08113,MM,MetaQuotes Software Corp.,DEMO,MT5,ZMQ,EURUSD
538,2020-04-23 00:35:49.430000,2020-04-23 00:35:49.440000,2020-04-23 00:36:06.736632,10.0,17296.632,17306.632,1.08109,1.08113,MM,MetaQuotes Software Corp.,DEMO,MT5,ZMQ,EURUSD
539,2020-04-23 00:35:49.530000,2020-04-23 00:35:49.540000,2020-04-23 00:36:06.759400,10.0,17219.4,17229.4,1.08109,1.08113,MM,MetaQuotes Software Corp.,DEMO,MT5,ZMQ,EURUSD
540,2020-04-23 00:35:49.632000,2020-04-23 00:35:49.642000,2020-04-23 00:36:06.782640,10.0,17140.64,17150.64,1.08109,1.08113,MM,MetaQuotes Software Corp.,DEMO,MT5,ZMQ,EURUSD
541,2020-04-23 00:35:49.730000,2020-04-23 00:35:49.740000,2020-04-23 00:36:06.806246,10.0,17066.246,17076.246,1.08109,1.08113,MM,MetaQuotes Software Corp.,DEMO,MT5,ZMQ,EURUSD
542,2020-04-23 00:35:49.831000,2020-04-23 00:35:49.841000,2020-04-23 00:36:06.829427,10.0,16988.427,16998.427,1.08109,1.08113,MM,MetaQuotes Software Corp.,DEMO,MT5,ZMQ,EURUSD
543,2020-04-23 00:35:49.931000,2020-04-23 00:35:49.941000,2020-04-23 00:36:06.852778,10.0,16911.778,16921.778,1.08109,1.08113,MM,MetaQuotes Software Corp.,DEMO,MT5,ZMQ,EURUSD
544,2020-04-23 00:35:50.031000,2020-04-23 00:35:50.041000,2020-04-23 00:36:06.876517,10.0,16835.517,16845.517,1.08109,1.08113,MM,MetaQuotes Software Corp.,DEMO,MT5,ZMQ,EURUSD
545,2020-04-23 00:35:50.132000,2020-04-23 00:35:50.142000,2020-04-23 00:36:06.899807,10.0,16757.807,16767.807,1.08109,1.08113,MM,MetaQuotes Software Corp.,DEMO,MT5,ZMQ,EURUSD
546,2020-04-23 00:35:50.231000,2020-04-23 00:35:50.241000,2020-04-23 00:36:06.922747,10.0,16681.747,16691.747,1.08109,1.08113,MM,MetaQuotes Software Corp.,DEMO,MT5,ZMQ,EURUSD
547,2020-04-23 00:35:50.333000,2020-04-23 00:35:50.343000,2020-04-23 00:36:06.945618,10.0,16602.618,16612.618,1.08109,1.08113,MM,MetaQuotes Software Corp.,DEMO,MT5,ZMQ,EURUSD
548,2020-04-23 00:35:50.432000,2020-04-23 00:35:50.442000,2020-04-23 00:36:06.968370,10.0,16526.37,16536.37,1.08109,1.08113,MM,MetaQuotes Software Corp.,DEMO,MT5,ZMQ,EURUSD
549,2020-04-23 00:35:50.532000,2020-04-23 00:35:50.542000,2020-04-23 00:36:06.991443,10.0,16449.443,16459.443,1.08109,1.08113,MM,MetaQuotes Software Corp.,DEMO,MT5,ZMQ,EURUSD
550,2020-04-23 00:35:50.634000,2020-04-23 00:35:50.644000,2020-04-23 00:36:07.014972,10.0,16370.972,16380.972,1.08109,1.08113,MM,MetaQuotes Software Corp.,DEMO,MT5,ZMQ,EURUSD
551,2020-04-23 00:35:50.733000,2020-04-23 00:35:50.743000,2020-04-23 00:36:07.038435,10.0,16295.435,16305.435,1.08109,1.08113,MM,MetaQuotes Software Corp.,DEMO,MT5,ZMQ,EURUSD
552,2020-04-23 00:35:50.833000,2020-04-23 00:35:50.843000,2020-04-23 00:36:07.061785,10.0,16218.785,16228.785,1.08109,1.08113,MM,MetaQuotes Software Corp.,DEMO,MT5,ZMQ,EURUSD
553,2020-04-23 00:35:50.895000,2020-04-23 00:35:50.905000,2020-04-23 00:36:07.084888,10.0,16179.888,16189.888,1.08109,1.08115,MM,MetaQuotes Software Corp.,DEMO,MT5,ZMQ,EURUSD
554,2020-04-23 00:35:50.933000,2020-04-23 00:35:50.943000,2020-04-23 00:36:07.108030,10.0,16165.03,16175.03,1.08109,1.08115,MM,MetaQuotes Software Corp.,DEMO,MT5,ZMQ,EURUSD
555,2020-04-23 00:35:51.033000,2020-04-23 00:35:51.043000,2020-04-23 00:36:07.131136,10.0,16088.136,16098.136,1.08109,1.08115,MM,MetaQuotes Software Corp.,DEMO,MT5,ZMQ,EURUSD
556,2020-04-23 00:35:51.133000,2020-04-23 00:35:51.143000,2020-04-23 00:36:07.154040,10.0,16011.04,16021.04,1.08109,1.08115,MM,MetaQuotes Software Corp.,DEMO,MT5,ZMQ,EURUSD
557,2020-04-23 00:35:51.233000,2020-04-23 00:35:51.243000,2020-04-23 00:36:07.176937,10.0,15933.937,15943.937,1.08109,1.08115,MM,MetaQuotes Software Corp.,DEMO,MT5,ZMQ,EURUSD
558,2020-04-23 00:35:51.334000,2020-04-23 00:35:51.344000,2020-04-23 00:36:07.199942,10.0,15855.942,15865.942,1.08109,1.08115,MM,MetaQuotes Software Corp.,DEMO,MT5,ZMQ,EURUSD
559,2020-04-23 00:35:51.434000,2020-04-23 00:35:51.444000,2020-04-23 00:36:07.223204,10.0,15779.204,15789.204,1.08109,1.08115,MM,MetaQuotes Software Corp.,DEMO,MT5,ZMQ,EURUSD
560,2020-04-23 00:35:51.473000,2020-04-23 00:35:51.483000,2020-04-23 00:36:07.246342,10.0,15763.342,15773.342,1.08109,1.08113,MM,MetaQuotes Software Corp.,DEMO,MT5,ZMQ,EURUSD
561,2020-04-23 00:35:51.534000,2020-04-23 00:35:51.544000,2020-04-23 00:36:07.269471,10.0,15725.471,15735.471,1.08109,1.08113,MM,MetaQuotes Software Corp.,DEMO,MT5,ZMQ,EURUSD
562,2020-04-23 00:35:51.635000,2020-04-23 00:35:51.645000,2020-04-23 00:36:07.292673,10.0,15647.673,15657.673,1.08109,1.08113,MM,MetaQuotes Software Corp.,DEMO,MT5,ZMQ,EURUSD
563,2020-04-23 00:35:51.735000,2020-04-23 00:35:51.745000,2020-04-23 00:36:07.316236,10.0,15571.236,15581.236,1.08109,1.08113,MM,MetaQuotes Software Corp.,DEMO,MT5,ZMQ,EURUSD
564,2020-04-23 00:35:51.835000,2020-04-23 00:35:51.845000,2020-04-23 00:36:07.339618,10.0,15494.618,15504.618,1.08109,1.08113,MM,MetaQuotes Software Corp.,DEMO,MT5,ZMQ,EURUSD
565,2020-04-23 00:35:51.935000,2020-04-23 00:35:51.945000,2020-04-23 00:36:07.362420,10.0,15417.42,15427.42,1.08109,1.08113,MM,MetaQuotes Software Corp.,DEMO,MT5,ZMQ,EURUSD
566,2020-04-23 00:35:52.034000,2020-04-23 00:35:52.044000,2020-04-23 00:36:07.385382,10.0,15341.382,15351.382,1.08109,1.08113,MM,MetaQuotes Software Corp.,DEMO,MT5,ZMQ,EURUSD
567,2020-04-23 00:35:52.136000,2020-04-23 00:35:52.146000,2020-04-23 00:36:07.408458,10.0,15262.458,15272.458,1.08109,1.08113,MM,MetaQuotes Software Corp.,DEMO,MT5,ZMQ,EURUSD
568,2020-04-23 00:35:52.235000,2020-04-23 00:35:52.245000,2020-04-23 00:36:07.431804,10.0,15186.804,15196.804,1.08109,1.08113,MM,MetaQuotes Software Corp.,DEMO,MT5,ZMQ,EURUSD
569,2020-04-23 00:35:52.335000,2020-04-23 00:35:52.345000,2020-04-23 00:36:07.455025,10.0,15110.025,15120.025,1.08109,1.08113,MM,MetaQuotes Software Corp.,DEMO,MT5,ZMQ,EURUSD
570,2020-04-23 00:35:52.436000,2020-04-23 00:35:52.446000,2020-04-23 00:36:07.478165,10.0,15032.165,15042.165,1.08109,1.08113,MM,MetaQuotes Software Corp.,DEMO,MT5,ZMQ,EURUSD
571,2020-04-23 00:35:52.536000,2020-04-23 00:35:52.546000,2020-04-23 00:36:07.501388,10.0,14955.388,14965.388,1.08109,1.08113,MM,MetaQuotes Software Corp.,DEMO,MT5,ZMQ,EURUSD
