,Creation Time,Terminal Time,Current Time,Creation-Terminal Time,Terminal-Current Time,Creation-Current Time,Bid,Ask,BrokerName,Terminal,Protocol,Period,Symbol,Ask_Diff,Bid_Diff,UP,Spread,OpeningTime,ClosingTime,TypeBroker,DR
0,2020-11-23 13:15:01.643000,2020-11-23 13:15:01.643000,2020-11-23 13:15:08.193453,0.0,6550.453,6550.453,0.73303,0.73304,International Capital Markets Pty Ltd.,MT4,ZMQ,60,AUDUSD,0.0,0.0,0,1e-05,179.1,,,
1,2020-11-23 13:15:01.807000,2020-11-23 13:15:01.807000,2020-11-23 13:15:08.227484,0.0,6420.484,6420.484,0.73302,0.73304,International Capital Markets Pty Ltd.,MT4,ZMQ,60,AUDUSD,0.0,-9.99999999995449e-06,0,1e-05,179.1,,,
2,2020-11-23 13:15:03.311000,2020-11-23 13:15:03.311000,2020-11-23 13:15:08.277491,0.0,4966.491,4966.491,0.73303,0.73304,International Capital Markets Pty Ltd.,MT4,ZMQ,60,AUDUSD,0.0,9.99999999995449e-06,0,1e-05,179.1,,,
3,2020-11-23 13:15:03.948000,2020-11-23 13:15:03.948000,2020-11-23 13:15:08.327480,0.0,4379.48,4379.48,0.73303,0.73303,International Capital Markets Pty Ltd.,MT4,ZMQ,60,AUDUSD,-1.0000000000065512e-05,0.0,0,1e-05,179.1,,,
4,2020-11-23 13:15:08.180000,2020-11-23 13:15:08.180000,2020-11-23 13:15:08.376479,0.0,196.479,196.479,0.73303,0.73304,International Capital Markets Pty Ltd.,MT4,ZMQ,60,AUDUSD,1.0000000000065512e-05,0.0,0,1e-05,179.1,,,
5,2020-11-23 13:15:08.414000,2020-11-23 13:15:08.414000,2020-11-23 13:15:08.427482,0.0,13.482,13.482,0.73303,0.73303,International Capital Markets Pty Ltd.,MT4,ZMQ,60,AUDUSD,-1.0000000000065512e-05,0.0,0,1e-05,179.1,,,
6,2020-11-23 13:15:09.899000,2020-11-23 13:15:09.899000,2020-11-23 13:15:09.903452,0.0,4.452,4.452,0.73303,0.73304,International Capital Markets Pty Ltd.,MT4,ZMQ,60,AUDUSD,1.0000000000065512e-05,0.0,0,1e-05,179.1,,,
7,2020-11-23 13:15:16.770000,2020-11-23 13:15:16.770000,2020-11-23 13:15:16.781566,0.0,11.566,11.566,0.73305,0.73305,International Capital Markets Pty Ltd.,MT4,ZMQ,60,AUDUSD,9.99999999995449e-06,2.0000000000020002e-05,1,1e-05,179.1,,,
8,2020-11-23 13:15:16.796000,2020-11-23 13:15:16.796000,2020-11-23 13:15:16.831540,0.0,35.54,35.54,0.73304,0.73305,International Capital Markets Pty Ltd.,MT4,ZMQ,60,AUDUSD,0.0,-9.99999999995449e-06,0,1e-05,179.1,,,
9,2020-11-23 13:15:16.826000,2020-11-23 13:15:16.826000,2020-11-23 13:15:16.882565,0.0,56.565,56.565,0.73303,0.73305,International Capital Markets Pty Ltd.,MT4,ZMQ,60,AUDUSD,0.0,-1.0000000000065512e-05,0,1e-05,179.1,,,
10,2020-11-23 13:15:16.986000,2020-11-23 13:15:16.986000,2020-11-23 13:15:16.990566,0.0,4.566,4.566,0.73304,0.73305,International Capital Markets Pty Ltd.,MT4,ZMQ,60,AUDUSD,0.0,1.0000000000065512e-05,0,1e-05,179.1,,,
11,2020-11-23 13:15:18.934000,2020-11-23 13:15:18.934000,2020-11-23 13:15:18.938540,0.0,4.54,4.54,0.73303,0.73305,International Capital Markets Pty Ltd.,MT4,ZMQ,60,AUDUSD,0.0,-1.0000000000065512e-05,0,1e-05,179.1,,,
12,2020-11-23 13:15:19.721000,2020-11-23 13:15:19.721000,2020-11-23 13:15:19.725540,0.0,4.54,4.54,0.73304,0.73305,International Capital Markets Pty Ltd.,MT4,ZMQ,60,AUDUSD,0.0,1.0000000000065512e-05,0,1e-05,179.1,,,
13,2020-11-23 13:15:25.401000,2020-11-23 13:15:25.401000,2020-11-23 13:15:25.406540,0.0,5.54,5.54,0.73303,0.73305,International Capital Markets Pty Ltd.,MT4,ZMQ,60,AUDUSD,0.0,-1.0000000000065512e-05,0,1e-05,179.1,,,
14,2020-11-23 13:15:25.427000,2020-11-23 13:15:25.427000,2020-11-23 13:15:25.461541,0.0,34.541,34.541,0.73303,0.73304,International Capital Markets Pty Ltd.,MT4,ZMQ,60,AUDUSD,-9.99999999995449e-06,0.0,0,1e-05,179.1,,,
15,2020-11-23 13:15:25.739000,2020-11-23 13:15:25.739000,2020-11-23 13:15:25.743540,0.0,4.54,4.54,0.73303,0.73303,International Capital Markets Pty Ltd.,MT4,ZMQ,60,AUDUSD,-1.0000000000065512e-05,0.0,0,1e-05,179.1,,,
16,2020-11-23 13:15:30.175000,2020-11-23 13:15:30.294000,2020-11-23 13:15:35.250461,119.0,4956.461,5075.461,1.19016,1.19027,OANDA DIVISION1,MT4,ZMQ,60,EURUSD,0.0,0.0,0,0.00011,179.1,,MM,REAL
17,2020-11-23 13:15:32.063000,2020-11-23 13:15:32.063000,2020-11-23 13:15:35.298484,0.0,3235.484,3235.484,0.73304,0.73305,International Capital Markets Pty Ltd.,MT4,ZMQ,60,AUDUSD,2.0000000000020002e-05,1.0000000000065512e-05,1,1e-05,179.1,,,
18,2020-11-23 13:15:30.339000,2020-11-23 13:15:30.458000,2020-11-23 13:15:35.354461,119.0,4896.461,5015.461,1.19017,1.19029,OANDA DIVISION1,MT4,ZMQ,60,EURUSD,2.0000000000131024e-05,9.999999999843467e-06,1,0.00011,179.1,,MM,REAL
19,2020-11-23 13:15:32.092000,2020-11-23 13:15:32.092000,2020-11-23 13:15:35.409484,0.0,3317.484,3317.484,0.73305,0.73306,International Capital Markets Pty Ltd.,MT4,ZMQ,60,AUDUSD,1.0000000000065512e-05,9.99999999995449e-06,1,1e-05,179.1,,,
20,2020-11-23 13:15:31.152000,2020-11-23 13:15:31.271000,2020-11-23 13:15:35.463459,119.0,4192.459,4311.459,1.19019,1.19029,OANDA DIVISION1,MT4,ZMQ,60,EURUSD,0.0,2.0000000000131024e-05,0,0.00011,179.1,,MM,REAL
21,2020-11-23 13:15:31.246000,2020-11-23 13:15:31.365000,2020-11-23 13:15:35.522460,119.0,4157.46,4276.46,1.19017,1.19029,OANDA DIVISION1,MT4,ZMQ,60,EURUSD,0.0,-2.0000000000131024e-05,0,0.00011,179.1,,MM,REAL
22,2020-11-23 13:15:31.479000,2020-11-23 13:15:31.598000,2020-11-23 13:15:35.578485,119.0,3980.485,4099.485,1.19016,1.19028,OANDA DIVISION1,MT4,ZMQ,60,EURUSD,-1.0000000000065512e-05,-9.999999999843467e-06,-1,0.00011,179.1,,MM,REAL
23,2020-11-23 13:15:32.247000,2020-11-23 13:15:32.366000,2020-11-23 13:15:35.645460,119.0,3279.46,3398.46,1.19016,1.1903,OANDA DIVISION1,MT4,ZMQ,60,EURUSD,1.999999999990898e-05,0.0,0,0.00011,179.1,,MM,REAL
24,2020-11-23 13:15:32.407000,2020-11-23 13:15:32.526000,2020-11-23 13:15:35.704459,119.0,3178.459,3297.459,1.19016,1.19028,OANDA DIVISION1,MT4,ZMQ,60,EURUSD,-1.999999999990898e-05,0.0,0,0.00011,179.1,,MM,REAL
25,2020-11-23 13:15:35.116000,2020-11-23 13:15:35.235000,2020-11-23 13:15:35.761485,119.0,526.485,645.485,1.19017,1.1903,OANDA DIVISION1,MT4,ZMQ,60,EURUSD,1.999999999990898e-05,9.999999999843467e-06,1,0.00011,179.1,,MM,REAL
26,2020-11-23 13:15:35.391000,2020-11-23 13:15:35.510000,2020-11-23 13:15:35.819460,119.0,309.46,428.46,1.19017,1.19028,OANDA DIVISION1,MT4,ZMQ,60,EURUSD,-1.999999999990898e-05,0.0,0,0.00011,179.1,,MM,REAL
27,2020-11-23 13:15:35.591000,2020-11-23 13:15:35.591000,2020-11-23 13:15:35.875485,0.0,284.485,284.485,0.73306,0.73306,International Capital Markets Pty Ltd.,MT4,ZMQ,60,AUDUSD,0.0,1.0000000000065512e-05,0,1e-05,179.1,,,
28,2020-11-23 13:15:35.653000,2020-11-23 13:15:35.653000,2020-11-23 13:15:35.939491,0.0,286.491,286.491,0.73306,0.73307,International Capital Markets Pty Ltd.,MT4,ZMQ,60,AUDUSD,9.99999999995449e-06,0.0,0,1e-05,179.1,,,
29,2020-11-23 13:15:36.349000,2020-11-23 13:15:36.468000,2020-11-23 13:15:36.473460,119.0,5.46,124.46,1.19017,1.1903,OANDA DIVISION1,MT4,ZMQ,60,EURUSD,1.999999999990898e-05,0.0,0,0.00011,179.1,,MM,REAL
30,2020-11-23 13:15:36.653000,2020-11-23 13:15:36.772000,2020-11-23 13:15:36.777487,119.0,5.487,124.487,1.19017,1.19027,OANDA DIVISION1,MT4,ZMQ,60,EURUSD,-2.999999999997449e-05,0.0,0,0.00011,179.1,,MM,REAL
31,2020-11-23 13:15:36.798000,2020-11-23 13:15:36.917000,2020-11-23 13:15:36.922460,119.0,5.46,124.46,1.19016,1.1903,OANDA DIVISION1,MT4,ZMQ,60,EURUSD,2.999999999997449e-05,-9.999999999843467e-06,0,0.00011,179.1,,MM,REAL
32,2020-11-23 13:15:37.100000,2020-11-23 13:15:37.219000,2020-11-23 13:15:37.223461,119.0,4.461,123.461,1.19016,1.19028,OANDA DIVISION1,MT4,ZMQ,60,EURUSD,-1.999999999990898e-05,0.0,0,0.00011,179.1,,MM,REAL
33,2020-11-23 13:15:37.585000,2020-11-23 13:15:37.704000,2020-11-23 13:15:37.709460,119.0,5.46,124.46,1.19015,1.19027,OANDA DIVISION1,MT4,ZMQ,60,EURUSD,-1.0000000000065512e-05,-1.0000000000065512e-05,-1,0.00011,179.1,,MM,REAL
34,2020-11-23 13:15:37.680000,2020-11-23 13:15:37.799000,2020-11-23 13:15:37.803460,119.0,4.46,123.46,1.19016,1.19028,OANDA DIVISION1,MT4,ZMQ,60,EURUSD,1.0000000000065512e-05,1.0000000000065512e-05,1,0.00011,179.1,,MM,REAL
35,2020-11-23 13:15:37.936000,2020-11-23 13:15:38.055000,2020-11-23 13:15:38.059460,119.0,4.46,123.46,1.19015,1.19027,OANDA DIVISION1,MT4,ZMQ,60,EURUSD,-1.0000000000065512e-05,-1.0000000000065512e-05,-1,0.00011,179.1,,MM,REAL
36,2020-11-23 13:15:38.656000,2020-11-23 13:15:38.656000,2020-11-23 13:15:38.660460,0.0,4.46,4.46,0.73305,0.73307,International Capital Markets Pty Ltd.,MT4,ZMQ,60,AUDUSD,0.0,-1.0000000000065512e-05,0,1e-05,179.1,,,
37,2020-11-23 13:15:40.038000,2020-11-23 13:15:40.038000,2020-11-23 13:15:40.043489,0.0,5.489,5.489,0.73305,0.73306,International Capital Markets Pty Ltd.,MT4,ZMQ,60,AUDUSD,-9.99999999995449e-06,0.0,0,1e-05,179.1,,,
38,2020-11-23 13:15:40.341000,2020-11-23 13:15:40.341000,2020-11-23 13:15:40.345460,0.0,4.46,4.46,0.73305,0.73307,International Capital Markets Pty Ltd.,MT4,ZMQ,60,AUDUSD,9.99999999995449e-06,0.0,0,1e-05,179.1,,,
39,2020-11-23 13:15:41.217000,2020-11-23 13:15:41.336000,2020-11-23 13:15:41.340485,119.0,4.485,123.485,1.19014,1.19026,OANDA DIVISION1,MT4,ZMQ,60,EURUSD,-9.999999999843467e-06,-1.0000000000065512e-05,-1,0.00011,179.1,,MM,REAL
40,2020-11-23 13:15:42.404000,2020-11-23 13:15:42.523000,2020-11-23 13:15:42.528461,119.0,5.461,124.461,1.19015,1.19027,OANDA DIVISION1,MT4,ZMQ,60,EURUSD,9.999999999843467e-06,1.0000000000065512e-05,1,0.00011,179.1,,MM,REAL
41,2020-11-23 13:15:42.675000,2020-11-23 13:15:42.675000,2020-11-23 13:15:42.679459,0.0,4.459,4.459,0.73307,0.73307,International Capital Markets Pty Ltd.,MT4,ZMQ,60,AUDUSD,0.0,2.0000000000020002e-05,0,1e-05,179.1,,,
42,2020-11-23 13:15:44.017000,2020-11-23 13:15:44.136000,2020-11-23 13:15:44.140484,119.0,4.484,123.484,1.19015,1.19029,OANDA DIVISION1,MT4,ZMQ,60,EURUSD,2.0000000000131024e-05,0.0,0,0.00011,179.1,,MM,REAL
43,2020-11-23 13:15:44.192000,2020-11-23 13:15:44.311000,2020-11-23 13:15:44.315460,119.0,4.46,123.46,1.19015,1.19027,OANDA DIVISION1,MT4,ZMQ,60,EURUSD,-2.0000000000131024e-05,0.0,0,0.00011,179.1,,MM,REAL
44,2020-11-23 13:15:44.555000,2020-11-23 13:15:44.555000,2020-11-23 13:15:44.559460,0.0,4.46,4.46,0.73307,0.73307,International Capital Markets Pty Ltd.,MT4,ZMQ,60,AUDUSD,0.0,0.0,0,1e-05,179.1,,,
45,2020-11-23 13:15:44.566000,2020-11-23 13:15:44.566000,2020-11-23 13:15:44.610485,0.0,44.485,44.485,0.73308,0.73308,International Capital Markets Pty Ltd.,MT4,ZMQ,60,AUDUSD,9.99999999995449e-06,9.99999999995449e-06,1,1e-05,179.1,,,
46,2020-11-23 13:15:44.656000,2020-11-23 13:15:44.656000,2020-11-23 13:15:44.661461,0.0,5.461,5.461,0.73305,0.73307,International Capital Markets Pty Ltd.,MT4,ZMQ,60,AUDUSD,-9.99999999995449e-06,-2.999999999997449e-05,-1,1e-05,179.1,,,
47,2020-11-23 13:15:45.264000,2020-11-23 13:15:45.383000,2020-11-23 13:15:45.387196,119.0,4.196,123.196,1.19017,1.19028,OANDA DIVISION1,MT4,ZMQ,60,EURUSD,1.0000000000065512e-05,1.999999999990898e-05,1,0.00011,179.1,,MM,REAL
48,2020-11-23 13:15:45.810000,2020-11-23 13:15:45.810000,2020-11-23 13:15:45.814196,0.0,4.196,4.196,0.73307,0.73308,International Capital Markets Pty Ltd.,MT4,ZMQ,60,AUDUSD,9.99999999995449e-06,2.0000000000020002e-05,1,1e-05,179.1,,,
49,2020-11-23 13:15:45.760000,2020-11-23 13:15:45.879000,2020-11-23 13:15:45.883196,119.0,4.196,123.196,1.19022,1.19037,OANDA DIVISION1,MT4,ZMQ,60,EURUSD,8.999999999992347e-05,5.0000000000105516e-05,1,0.00011,179.1,,MM,REAL
50,2020-11-23 13:15:45.924000,2020-11-23 13:15:45.924000,2020-11-23 13:15:45.937195,0.0,13.195,13.195,0.73306,0.73307,International Capital Markets Pty Ltd.,MT4,ZMQ,60,AUDUSD,-9.99999999995449e-06,-9.99999999995449e-06,-1,1e-05,179.1,,,
51,2020-11-23 13:15:45.822000,2020-11-23 13:15:45.941000,2020-11-23 13:15:45.989196,119.0,48.196,167.196,1.19021,1.19035,OANDA DIVISION1,MT4,ZMQ,60,EURUSD,-1.999999999990898e-05,-1.0000000000065512e-05,-1,0.00011,179.1,,MM,REAL
52,2020-11-23 13:15:45.914000,2020-11-23 13:15:46.033000,2020-11-23 13:15:46.043196,119.0,10.196,129.196,1.19027,1.19038,OANDA DIVISION1,MT4,ZMQ,60,EURUSD,2.999999999997449e-05,5.999999999994898e-05,1,0.00011,179.1,,MM,REAL
53,2020-11-23 13:15:46.008000,2020-11-23 13:15:46.127000,2020-11-23 13:15:46.131196,119.0,4.196,123.196,1.19028,1.19039,OANDA DIVISION1,MT4,ZMQ,60,EURUSD,1.0000000000065512e-05,1.0000000000065512e-05,1,0.00011,179.1,,MM,REAL
54,2020-11-23 13:15:46.303000,2020-11-23 13:15:46.303000,2020-11-23 13:15:46.307196,0.0,4.196,4.196,0.73305,0.73307,International Capital Markets Pty Ltd.,MT4,ZMQ,60,AUDUSD,0.0,-1.0000000000065512e-05,0,1e-05,179.1,,,
55,2020-11-23 13:15:46.195000,2020-11-23 13:15:46.314000,2020-11-23 13:15:46.359196,119.0,45.196,164.196,1.19029,1.19041,OANDA DIVISION1,MT4,ZMQ,60,EURUSD,1.999999999990898e-05,1.0000000000065512e-05,1,0.00011,179.1,,MM,REAL
56,2020-11-23 13:15:46.410000,2020-11-23 13:15:46.410000,2020-11-23 13:15:46.414196,0.0,4.196,4.196,0.73306,0.73308,International Capital Markets Pty Ltd.,MT4,ZMQ,60,AUDUSD,9.99999999995449e-06,1.0000000000065512e-05,1,1e-05,179.1,,,
57,2020-11-23 13:15:46.539000,2020-11-23 13:15:46.539000,2020-11-23 13:15:46.543196,0.0,4.196,4.196,0.73307,0.73308,International Capital Markets Pty Ltd.,MT4,ZMQ,60,AUDUSD,0.0,9.99999999995449e-06,0,1e-05,179.1,,,
58,2020-11-23 13:15:46.466000,2020-11-23 13:15:46.585000,2020-11-23 13:15:46.594196,119.0,9.196,128.196,1.19032,1.19045,OANDA DIVISION1,MT4,ZMQ,60,EURUSD,4.0000000000040004e-05,2.999999999997449e-05,1,0.00011,179.1,,MM,REAL
59,2020-11-23 13:15:46.635000,2020-11-23 13:15:46.635000,2020-11-23 13:15:46.650222,0.0,15.222,15.222,0.73308,0.73309,International Capital Markets Pty Ltd.,MT4,ZMQ,60,AUDUSD,1.0000000000065512e-05,9.99999999995449e-06,1,1e-05,179.1,,,
60,2020-11-23 13:15:46.640000,2020-11-23 13:15:46.759000,2020-11-23 13:15:46.763196,119.0,4.196,123.196,1.19031,1.19044,OANDA DIVISION1,MT4,ZMQ,60,EURUSD,-1.0000000000065512e-05,-1.0000000000065512e-05,-1,0.00011,179.1,,MM,REAL
61,2020-11-23 13:15:46.687000,2020-11-23 13:15:46.806000,2020-11-23 13:15:46.816196,119.0,10.196,129.196,1.1903,1.19043,OANDA DIVISION1,MT4,ZMQ,60,EURUSD,-9.999999999843467e-06,-1.0000000000065512e-05,-1,0.00011,179.1,,MM,REAL
62,2020-11-23 13:15:47.413000,2020-11-23 13:15:47.532000,2020-11-23 13:15:47.536196,119.0,4.196,123.196,1.1903,1.19041,OANDA DIVISION1,MT4,ZMQ,60,EURUSD,-2.0000000000131024e-05,0.0,0,0.00011,179.1,,MM,REAL
63,2020-11-23 13:15:50.619000,2020-11-23 13:15:50.619000,2020-11-23 13:15:50.623196,0.0,4.196,4.196,0.73309,0.7331,International Capital Markets Pty Ltd.,MT4,ZMQ,60,AUDUSD,9.99999999995449e-06,1.0000000000065512e-05,1,1e-05,179.1,,,
64,2020-11-23 13:15:50.629000,2020-11-23 13:15:50.629000,2020-11-23 13:15:50.675194,0.0,46.194,46.194,0.73308,0.7331,International Capital Markets Pty Ltd.,MT4,ZMQ,60,AUDUSD,0.0,-1.0000000000065512e-05,0,1e-05,179.1,,,
65,2020-11-23 13:15:53.092000,2020-11-23 13:15:53.211000,2020-11-23 13:15:53.216221,119.0,5.221,124.221,1.19028,1.1904,OANDA DIVISION1,MT4,ZMQ,60,EURUSD,-1.0000000000065512e-05,-1.999999999990898e-05,-1,0.00011,179.1,,MM,REAL
66,2020-11-23 13:15:56.400000,2020-11-23 13:15:56.519000,2020-11-23 13:15:56.523550,119.0,4.55,123.55,1.19029,1.19041,OANDA DIVISION1,MT4,ZMQ,60,EURUSD,1.0000000000065512e-05,1.0000000000065512e-05,1,0.00011,179.1,,MM,REAL
67,2020-11-23 13:15:57.614000,2020-11-23 13:15:57.614000,2020-11-23 13:15:57.618552,0.0,4.552,4.552,0.73309,0.7331,International Capital Markets Pty Ltd.,MT4,ZMQ,60,AUDUSD,0.0,1.0000000000065512e-05,0,1e-05,179.1,,,
68,2020-11-23 13:15:57.944000,2020-11-23 13:15:57.944000,2020-11-23 13:15:57.948577,0.0,4.577,4.577,0.73308,0.73309,International Capital Markets Pty Ltd.,MT4,ZMQ,60,AUDUSD,-9.99999999995449e-06,-1.0000000000065512e-05,-1,1e-05,179.1,,,
69,2020-11-23 13:15:58.073000,2020-11-23 13:15:58.073000,2020-11-23 13:15:58.077552,0.0,4.552,4.552,0.73308,0.73308,International Capital Markets Pty Ltd.,MT4,ZMQ,60,AUDUSD,-1.0000000000065512e-05,0.0,0,1e-05,179.1,,,
70,2020-11-23 13:15:58.186000,2020-11-23 13:15:58.186000,2020-11-23 13:15:58.190552,0.0,4.552,4.552,0.73307,0.73307,International Capital Markets Pty Ltd.,MT4,ZMQ,60,AUDUSD,-9.99999999995449e-06,-9.99999999995449e-06,-1,1e-05,179.1,,,
71,2020-11-23 13:15:58.663000,2020-11-23 13:15:58.663000,2020-11-23 13:15:58.667552,0.0,4.552,4.552,0.73306,0.73307,International Capital Markets Pty Ltd.,MT4,ZMQ,60,AUDUSD,0.0,-9.99999999995449e-06,0,1e-05,179.1,,,
72,2020-11-23 13:15:59.090000,2020-11-23 13:15:59.090000,2020-11-23 13:15:59.094552,0.0,4.552,4.552,0.73305,0.73307,International Capital Markets Pty Ltd.,MT4,ZMQ,60,AUDUSD,0.0,-1.0000000000065512e-05,0,1e-05,179.1,,,
73,2020-11-23 13:16:04.955000,2020-11-23 13:16:04.955000,2020-11-23 13:16:04.959058,0.0,4.058,4.058,0.73306,0.73307,International Capital Markets Pty Ltd.,MT4,ZMQ,60,AUDUSD,0.0,1.0000000000065512e-05,0,1e-05,179.1,,,
74,2020-11-23 13:16:07.239000,2020-11-23 13:16:07.358000,2020-11-23 13:16:07.362307,119.0,4.307,123.307,1.19028,1.1904,OANDA DIVISION1,MT4,ZMQ,60,EURUSD,-1.0000000000065512e-05,-1.0000000000065512e-05,-1,0.00011,179.1,,MM,REAL
75,2020-11-23 13:16:07.303000,2020-11-23 13:16:07.422000,2020-11-23 13:16:07.426306,119.0,4.306,123.306,1.19026,1.19039,OANDA DIVISION1,MT4,ZMQ,60,EURUSD,-9.999999999843467e-06,-1.999999999990898e-05,-1,0.00011,179.1,,MM,REAL
76,2020-11-23 13:16:07.461000,2020-11-23 13:16:07.580000,2020-11-23 13:16:07.585283,119.0,5.283,124.283,1.19023,1.19036,OANDA DIVISION1,MT4,ZMQ,60,EURUSD,-2.999999999997449e-05,-3.0000000000196536e-05,-1,0.00011,179.1,,MM,REAL
77,2020-11-23 13:16:07.756000,2020-11-23 13:16:07.756000,2020-11-23 13:16:07.760283,0.0,4.283,4.283,0.73305,0.73307,International Capital Markets Pty Ltd.,MT4,ZMQ,60,AUDUSD,0.0,-1.0000000000065512e-05,0,1e-05,179.1,,,
78,2020-11-23 13:16:07.856000,2020-11-23 13:16:07.856000,2020-11-23 13:16:07.861283,0.0,5.283,5.283,0.73305,0.73306,International Capital Markets Pty Ltd.,MT4,ZMQ,60,AUDUSD,-9.99999999995449e-06,0.0,0,1e-05,179.1,,,
79,2020-11-23 13:16:07.955000,2020-11-23 13:16:08.074000,2020-11-23 13:16:08.078283,119.0,4.283,123.283,1.1902,1.19035,OANDA DIVISION1,MT4,ZMQ,60,EURUSD,-1.0000000000065512e-05,-2.999999999997449e-05,-1,0.00011,179.1,,MM,REAL
80,2020-11-23 13:16:08.035000,2020-11-23 13:16:08.154000,2020-11-23 13:16:08.159283,119.0,5.283,124.283,1.19019,1.19033,OANDA DIVISION1,MT4,ZMQ,60,EURUSD,-1.999999999990898e-05,-9.999999999843467e-06,-1,0.00011,179.1,,MM,REAL
81,2020-11-23 13:16:08.442000,2020-11-23 13:16:08.442000,2020-11-23 13:16:08.446313,0.0,4.313,4.313,0.73304,0.73305,International Capital Markets Pty Ltd.,MT4,ZMQ,60,AUDUSD,-1.0000000000065512e-05,-9.99999999995449e-06,-1,1e-05,179.1,,,
82,2020-11-23 13:16:09.638000,2020-11-23 13:16:09.638000,2020-11-23 13:16:09.642282,0.0,4.282,4.282,0.73304,0.73305,International Capital Markets Pty Ltd.,MT4,ZMQ,60,AUDUSD,0.0,0.0,0,1e-05,179.1,,,
83,2020-11-23 13:16:09.789000,2020-11-23 13:16:09.789000,2020-11-23 13:16:09.793309,0.0,4.309,4.309,0.73305,0.73306,International Capital Markets Pty Ltd.,MT4,ZMQ,60,AUDUSD,1.0000000000065512e-05,9.99999999995449e-06,1,1e-05,179.1,,,
84,2020-11-23 13:16:10.835000,2020-11-23 13:16:10.954000,2020-11-23 13:16:10.958309,119.0,4.309,123.309,1.19022,1.19033,OANDA DIVISION1,MT4,ZMQ,60,EURUSD,0.0,2.999999999997449e-05,0,0.00011,179.1,,MM,REAL
85,2020-11-23 13:16:10.984000,2020-11-23 13:16:10.984000,2020-11-23 13:16:11.013310,0.0,29.31,29.31,0.73304,0.73305,International Capital Markets Pty Ltd.,MT4,ZMQ,60,AUDUSD,-1.0000000000065512e-05,-9.99999999995449e-06,-1,1e-05,179.1,,,
86,2020-11-23 13:16:14.283000,2020-11-23 13:16:14.402000,2020-11-23 13:16:14.406309,119.0,4.309,123.309,1.1902,1.19033,OANDA DIVISION1,MT4,ZMQ,60,EURUSD,0.0,-2.0000000000131024e-05,0,0.00011,179.1,,MM,REAL
87,2020-11-23 13:16:14.594000,2020-11-23 13:16:14.594000,2020-11-23 13:16:14.598284,0.0,4.284,4.284,0.73304,0.73304,International Capital Markets Pty Ltd.,MT4,ZMQ,60,AUDUSD,-9.99999999995449e-06,0.0,0,1e-05,179.1,,,
88,2020-11-23 13:16:14.486000,2020-11-23 13:16:14.605000,2020-11-23 13:16:14.650307,119.0,45.307,164.307,1.19019,1.19031,OANDA DIVISION1,MT4,ZMQ,60,EURUSD,-2.0000000000131024e-05,-9.999999999843467e-06,-1,0.00011,179.1,,MM,REAL
89,2020-11-23 13:16:15.092000,2020-11-23 13:16:15.092000,2020-11-23 13:16:15.096309,0.0,4.309,4.309,0.73301,0.73303,International Capital Markets Pty Ltd.,MT4,ZMQ,60,AUDUSD,-1.0000000000065512e-05,-2.999999999997449e-05,-1,1e-05,179.1,,,
90,2020-11-23 13:16:15.276000,2020-11-23 13:16:15.276000,2020-11-23 13:16:15.280309,0.0,4.309,4.309,0.73303,0.73305,International Capital Markets Pty Ltd.,MT4,ZMQ,60,AUDUSD,2.0000000000020002e-05,1.999999999990898e-05,1,1e-05,179.1,,,
91,2020-11-23 13:16:15.811000,2020-11-23 13:16:15.811000,2020-11-23 13:16:15.815309,0.0,4.309,4.309,0.73303,0.73304,International Capital Markets Pty Ltd.,MT4,ZMQ,60,AUDUSD,-9.99999999995449e-06,0.0,0,1e-05,179.1,,,
92,2020-11-23 13:16:17.144000,2020-11-23 13:16:17.144000,2020-11-23 13:16:17.148818,0.0,4.818,4.818,0.73304,0.73305,International Capital Markets Pty Ltd.,MT4,ZMQ,60,AUDUSD,9.99999999995449e-06,1.0000000000065512e-05,1,1e-05,179.1,,,
93,2020-11-23 13:16:18.573000,2020-11-23 13:16:18.692000,2020-11-23 13:16:18.697818,119.0,5.818,124.818,1.19018,1.19029,OANDA DIVISION1,MT4,ZMQ,60,EURUSD,-1.999999999990898e-05,-1.0000000000065512e-05,-1,0.00011,179.1,,MM,REAL
94,2020-11-23 13:16:18.683000,2020-11-23 13:16:18.802000,2020-11-23 13:16:18.822790,119.0,20.79,139.79,1.19015,1.19028,OANDA DIVISION1,MT4,ZMQ,60,EURUSD,-1.0000000000065512e-05,-2.999999999997449e-05,-1,0.00011,179.1,,MM,REAL
95,2020-11-23 13:16:19.077000,2020-11-23 13:16:19.077000,2020-11-23 13:16:19.081818,0.0,4.818,4.818,0.73303,0.73305,International Capital Markets Pty Ltd.,MT4,ZMQ,60,AUDUSD,0.0,-1.0000000000065512e-05,0,1e-05,179.1,,,
96,2020-11-23 13:16:19.345000,2020-11-23 13:16:19.345000,2020-11-23 13:16:19.350817,0.0,5.817,5.817,0.73302,0.73305,International Capital Markets Pty Ltd.,MT4,ZMQ,60,AUDUSD,0.0,-9.99999999995449e-06,0,1e-05,179.1,,,
97,2020-11-23 13:16:19.938000,2020-11-23 13:16:20.057000,2020-11-23 13:16:20.061817,119.0,4.817,123.817,1.19014,1.19027,OANDA DIVISION1,MT4,ZMQ,60,EURUSD,-1.0000000000065512e-05,-1.0000000000065512e-05,-1,0.00011,179.1,,MM,REAL
98,2020-11-23 13:16:20.050000,2020-11-23 13:16:20.169000,2020-11-23 13:16:20.173820,119.0,4.82,123.82,1.19013,1.19025,OANDA DIVISION1,MT4,ZMQ,60,EURUSD,-1.999999999990898e-05,-1.0000000000065512e-05,-1,0.00011,179.1,,MM,REAL
99,2020-11-23 13:16:20.189000,2020-11-23 13:16:20.189000,2020-11-23 13:16:20.227818,0.0,38.818,38.818,0.73303,0.73305,International Capital Markets Pty Ltd.,MT4,ZMQ,60,AUDUSD,0.0,9.99999999995449e-06,0,1e-05,179.1,,,
100,2020-11-23 13:16:20.249000,2020-11-23 13:16:20.249000,2020-11-23 13:16:20.285825,0.0,36.825,36.825,0.73302,0.73305,International Capital Markets Pty Ltd.,MT4,ZMQ,60,AUDUSD,0.0,-9.99999999995449e-06,0,1e-05,179.1,,,
101,2020-11-23 13:16:20.488000,2020-11-23 13:16:20.488000,2020-11-23 13:16:20.492816,0.0,4.816,4.816,0.73303,0.73305,International Capital Markets Pty Ltd.,MT4,ZMQ,60,AUDUSD,0.0,9.99999999995449e-06,0,1e-05,179.1,,,
102,2020-11-23 13:16:21.183000,2020-11-23 13:16:21.183000,2020-11-23 13:16:21.187816,0.0,4.816,4.816,0.73303,0.73303,International Capital Markets Pty Ltd.,MT4,ZMQ,60,AUDUSD,-2.0000000000020002e-05,0.0,0,1e-05,179.1,,,
103,2020-11-23 13:16:21.245000,2020-11-23 13:16:21.245000,2020-11-23 13:16:21.249817,0.0,4.817,4.817,0.73302,0.73302,International Capital Markets Pty Ltd.,MT4,ZMQ,60,AUDUSD,-9.99999999995449e-06,-9.99999999995449e-06,-1,1e-05,179.1,,,
104,2020-11-23 13:16:21.633000,2020-11-23 13:16:21.633000,2020-11-23 13:16:21.638380,0.0,5.38,5.38,0.73302,0.73303,International Capital Markets Pty Ltd.,MT4,ZMQ,60,AUDUSD,9.99999999995449e-06,0.0,0,1e-05,179.1,,,
105,2020-11-23 13:16:21.649000,2020-11-23 13:16:21.768000,2020-11-23 13:16:21.772382,119.0,4.382,123.382,1.1901,1.19025,OANDA DIVISION1,MT4,ZMQ,60,EURUSD,0.0,-2.999999999997449e-05,0,0.00011,179.1,,MM,REAL
106,2020-11-23 13:16:21.715000,2020-11-23 13:16:21.834000,2020-11-23 13:16:21.838381,119.0,4.381,123.381,1.19009,1.19021,OANDA DIVISION1,MT4,ZMQ,60,EURUSD,-4.0000000000040004e-05,-9.999999999843467e-06,-1,0.00011,179.1,,MM,REAL
107,2020-11-23 13:16:22.205000,2020-11-23 13:16:22.205000,2020-11-23 13:16:22.209381,0.0,4.381,4.381,0.73301,0.73303,International Capital Markets Pty Ltd.,MT4,ZMQ,60,AUDUSD,0.0,-9.99999999995449e-06,0,1e-05,179.1,,,
108,2020-11-23 13:16:24.563000,2020-11-23 13:16:24.682000,2020-11-23 13:16:24.687357,119.0,5.357,124.357,1.19008,1.1902,OANDA DIVISION1,MT4,ZMQ,60,EURUSD,-1.0000000000065512e-05,-1.0000000000065512e-05,-1,0.00011,179.1,,MM,REAL
109,2020-11-23 13:16:27.061000,2020-11-23 13:16:27.180000,2020-11-23 13:16:27.184612,119.0,4.612,123.612,1.19009,1.19021,OANDA DIVISION1,MT4,ZMQ,60,EURUSD,1.0000000000065512e-05,1.0000000000065512e-05,1,0.00011,179.1,,MM,REAL
110,2020-11-23 13:16:27.765000,2020-11-23 13:16:27.884000,2020-11-23 13:16:27.889496,119.0,5.496,124.496,1.19008,1.1902,OANDA DIVISION1,MT4,ZMQ,60,EURUSD,-1.0000000000065512e-05,-1.0000000000065512e-05,-1,0.00011,179.1,,MM,REAL
111,2020-11-23 13:16:27.815000,2020-11-23 13:16:27.934000,2020-11-23 13:16:27.959518,119.0,25.518,144.518,1.19003,1.19016,OANDA DIVISION1,MT4,ZMQ,60,EURUSD,-3.999999999981796e-05,-5.0000000000105516e-05,-1,0.00011,179.1,,MM,REAL
112,2020-11-23 13:16:28.016000,2020-11-23 13:16:28.016000,2020-11-23 13:16:28.021521,0.0,5.521,5.521,0.73301,0.73302,International Capital Markets Pty Ltd.,MT4,ZMQ,60,AUDUSD,-9.99999999995449e-06,0.0,0,1e-05,179.1,,,
113,2020-11-23 13:16:27.942000,2020-11-23 13:16:28.061000,2020-11-23 13:16:28.076495,119.0,15.495,134.495,1.19001,1.19013,OANDA DIVISION1,MT4,ZMQ,60,EURUSD,-3.0000000000196536e-05,-1.999999999990898e-05,-1,0.00011,179.1,,MM,REAL
114,2020-11-23 13:16:28.078000,2020-11-23 13:16:28.078000,2020-11-23 13:16:28.134494,0.0,56.494,56.494,0.733,0.73302,International Capital Markets Pty Ltd.,MT4,ZMQ,60,AUDUSD,0.0,-1.0000000000065512e-05,0,1e-05,179.1,,,
115,2020-11-23 13:16:28.164000,2020-11-23 13:16:28.164000,2020-11-23 13:16:28.189496,0.0,25.496,25.496,0.733,0.733,International Capital Markets Pty Ltd.,MT4,ZMQ,60,AUDUSD,-2.0000000000020002e-05,0.0,0,1e-05,179.1,,,
116,2020-11-23 13:16:28.191000,2020-11-23 13:16:28.191000,2020-11-23 13:16:28.243520,0.0,52.52,52.52,0.73297,0.73299,International Capital Markets Pty Ltd.,MT4,ZMQ,60,AUDUSD,-9.99999999995449e-06,-2.999999999997449e-05,-1,1e-05,179.1,,,
117,2020-11-23 13:16:28.283000,2020-11-23 13:16:28.283000,2020-11-23 13:16:28.299495,0.0,16.495,16.495,0.73299,0.733,International Capital Markets Pty Ltd.,MT4,ZMQ,60,AUDUSD,9.99999999995449e-06,2.0000000000020002e-05,1,1e-05,179.1,,,
118,2020-11-23 13:16:28.193000,2020-11-23 13:16:28.312000,2020-11-23 13:16:28.353494,119.0,41.494,160.494,1.19002,1.19014,OANDA DIVISION1,MT4,ZMQ,60,EURUSD,1.0000000000065512e-05,1.0000000000065512e-05,1,0.00011,179.1,,MM,REAL
119,2020-11-23 13:16:28.396000,2020-11-23 13:16:28.396000,2020-11-23 13:16:28.411499,0.0,15.499,15.499,0.733,0.73301,International Capital Markets Pty Ltd.,MT4,ZMQ,60,AUDUSD,1.0000000000065512e-05,9.99999999995449e-06,1,1e-05,179.1,,,
120,2020-11-23 13:16:28.449000,2020-11-23 13:16:28.568000,2020-11-23 13:16:28.572514,119.0,4.514,123.514,1.19003,1.19015,OANDA DIVISION1,MT4,ZMQ,60,EURUSD,1.0000000000065512e-05,9.999999999843467e-06,1,0.00011,179.1,,MM,REAL
121,2020-11-23 13:16:31.503000,2020-11-23 13:16:31.622000,2020-11-23 13:16:31.627520,119.0,5.52,124.52,1.19002,1.19014,OANDA DIVISION1,MT4,ZMQ,60,EURUSD,-1.0000000000065512e-05,-9.999999999843467e-06,-1,0.00011,179.1,,MM,REAL
122,2020-11-23 13:16:32.564000,2020-11-23 13:16:32.683000,2020-11-23 13:16:32.687520,119.0,4.52,123.52,1.19003,1.19015,OANDA DIVISION1,MT4,ZMQ,60,EURUSD,1.0000000000065512e-05,9.999999999843467e-06,1,0.00011,179.1,,MM,REAL
123,2020-11-23 13:16:32.738000,2020-11-23 13:16:32.857000,2020-11-23 13:16:32.861028,119.0,4.028,123.028,1.19009,1.19021,OANDA DIVISION1,MT4,ZMQ,60,EURUSD,5.999999999994898e-05,6.000000000017103e-05,1,0.00011,179.1,,MM,REAL
124,2020-11-23 13:16:33.056000,2020-11-23 13:16:33.175000,2020-11-23 13:16:33.179030,119.0,4.03,123.03,1.19009,1.19021,OANDA DIVISION1,MT4,ZMQ,60,EURUSD,0.0,0.0,0,0.00011,179.1,,MM,REAL
125,2020-11-23 13:16:33.406000,2020-11-23 13:16:33.525000,2020-11-23 13:16:33.530003,119.0,5.003,124.003,1.1901,1.19022,OANDA DIVISION1,MT4,ZMQ,60,EURUSD,1.0000000000065512e-05,9.999999999843467e-06,1,0.00011,179.1,,MM,REAL
126,2020-11-23 13:16:33.690000,2020-11-23 13:16:33.690000,2020-11-23 13:16:33.694029,0.0,4.029,4.029,0.73301,0.73301,International Capital Markets Pty Ltd.,MT4,ZMQ,60,AUDUSD,0.0,1.0000000000065512e-05,0,1e-05,179.1,,,
127,2020-11-23 13:16:33.724000,2020-11-23 13:16:33.724000,2020-11-23 13:16:33.746030,0.0,22.03,22.03,0.73302,0.73302,International Capital Markets Pty Ltd.,MT4,ZMQ,60,AUDUSD,9.99999999995449e-06,9.99999999995449e-06,1,1e-05,179.1,,,
128,2020-11-23 13:16:33.853000,2020-11-23 13:16:33.853000,2020-11-23 13:16:33.858004,0.0,5.004,5.004,0.73302,0.73304,International Capital Markets Pty Ltd.,MT4,ZMQ,60,AUDUSD,2.0000000000020002e-05,0.0,0,1e-05,179.1,,,
129,2020-11-23 13:16:34.902000,2020-11-23 13:16:34.902000,2020-11-23 13:16:34.906003,0.0,4.003,4.003,0.73303,0.73304,International Capital Markets Pty Ltd.,MT4,ZMQ,60,AUDUSD,0.0,9.99999999995449e-06,0,1e-05,179.1,,,
130,2020-11-23 13:16:34.850000,2020-11-23 13:16:34.969000,2020-11-23 13:16:34.973032,119.0,4.032,123.032,1.19009,1.19021,OANDA DIVISION1,MT4,ZMQ,60,EURUSD,-1.0000000000065512e-05,-9.999999999843467e-06,-1,0.00011,179.1,,MM,REAL
131,2020-11-23 13:16:36.801000,2020-11-23 13:16:36.920000,2020-11-23 13:16:36.924029,119.0,4.029,123.029,1.1901,1.19022,OANDA DIVISION1,MT4,ZMQ,60,EURUSD,1.0000000000065512e-05,9.999999999843467e-06,1,0.00011,179.1,,MM,REAL
132,2020-11-23 13:16:37.043000,2020-11-23 13:16:37.162000,2020-11-23 13:16:37.166031,119.0,4.031,123.031,1.19009,1.19021,OANDA DIVISION1,MT4,ZMQ,60,EURUSD,-1.0000000000065512e-05,-9.999999999843467e-06,-1,0.00011,179.1,,MM,REAL
133,2020-11-23 13:16:37.265000,2020-11-23 13:16:37.265000,2020-11-23 13:16:37.269030,0.0,4.03,4.03,0.73304,0.73304,International Capital Markets Pty Ltd.,MT4,ZMQ,60,AUDUSD,0.0,1.0000000000065512e-05,0,1e-05,179.1,,,
134,2020-11-23 13:16:37.472000,2020-11-23 13:16:37.472000,2020-11-23 13:16:37.476030,0.0,4.03,4.03,0.73304,0.73305,International Capital Markets Pty Ltd.,MT4,ZMQ,60,AUDUSD,9.99999999995449e-06,0.0,0,1e-05,179.1,,,
135,2020-11-23 13:16:38.868000,2020-11-23 13:16:38.868000,2020-11-23 13:16:38.872580,0.0,4.58,4.58,0.73304,0.73304,International Capital Markets Pty Ltd.,MT4,ZMQ,60,AUDUSD,-9.99999999995449e-06,0.0,0,1e-05,179.1,,,
136,2020-11-23 13:16:39.239000,2020-11-23 13:16:39.358000,2020-11-23 13:16:39.362605,119.0,4.605,123.605,1.19008,1.1902,OANDA DIVISION1,MT4,ZMQ,60,EURUSD,-1.0000000000065512e-05,-1.0000000000065512e-05,-1,0.00011,179.1,,MM,REAL
137,2020-11-23 13:16:39.287000,2020-11-23 13:16:39.406000,2020-11-23 13:16:39.417605,119.0,11.605,130.605,1.19006,1.19019,OANDA DIVISION1,MT4,ZMQ,60,EURUSD,-9.999999999843467e-06,-2.0000000000131024e-05,-1,0.00011,179.1,,MM,REAL
138,2020-11-23 13:16:39.619000,2020-11-23 13:16:39.619000,2020-11-23 13:16:39.624605,0.0,5.605,5.605,0.73303,0.73304,International Capital Markets Pty Ltd.,MT4,ZMQ,60,AUDUSD,0.0,-1.0000000000065512e-05,0,1e-05,179.1,,,
139,2020-11-23 13:16:39.528000,2020-11-23 13:16:39.647000,2020-11-23 13:16:39.676605,119.0,29.605,148.605,1.19002,1.19014,OANDA DIVISION1,MT4,ZMQ,60,EURUSD,-5.0000000000105516e-05,-3.999999999981796e-05,-1,0.00011,179.1,,MM,REAL
140,2020-11-23 13:16:39.996000,2020-11-23 13:16:39.996000,2020-11-23 13:16:40.001607,0.0,5.607,5.607,0.73303,0.73303,International Capital Markets Pty Ltd.,MT4,ZMQ,60,AUDUSD,-1.0000000000065512e-05,0.0,0,1e-05,179.1,,,
141,2020-11-23 13:16:47.415000,2020-11-23 13:16:47.534000,2020-11-23 13:16:47.539707,119.0,5.707,124.707,1.19003,1.19015,OANDA DIVISION1,MT4,ZMQ,60,EURUSD,1.0000000000065512e-05,9.999999999843467e-06,1,0.00011,179.1,,MM,REAL
142,2020-11-23 13:16:47.522000,2020-11-23 13:16:47.641000,2020-11-23 13:16:47.646735,119.0,5.735,124.735,1.19005,1.19016,OANDA DIVISION1,MT4,ZMQ,60,EURUSD,1.0000000000065512e-05,2.0000000000131024e-05,1,0.00011,179.1,,MM,REAL
143,2020-11-23 13:16:48.808000,2020-11-23 13:16:48.927000,2020-11-23 13:16:48.931708,119.0,4.708,123.708,1.19004,1.19015,OANDA DIVISION1,MT4,ZMQ,60,EURUSD,-1.0000000000065512e-05,-1.0000000000065512e-05,-1,0.00011,179.1,,MM,REAL
144,2020-11-23 13:16:51.814000,2020-11-23 13:16:51.933000,2020-11-23 13:16:51.937307,119.0,4.307,123.307,1.19003,1.19014,OANDA DIVISION1,MT4,ZMQ,60,EURUSD,-1.0000000000065512e-05,-1.0000000000065512e-05,-1,0.00011,179.1,,MM,REAL
145,2020-11-23 13:16:52.390000,2020-11-23 13:16:52.509000,2020-11-23 13:16:52.513281,119.0,4.281,123.281,1.18999,1.19014,OANDA DIVISION1,MT4,ZMQ,60,EURUSD,0.0,-3.999999999981796e-05,0,0.00011,179.1,,MM,REAL
146,2020-11-23 13:16:52.501000,2020-11-23 13:16:52.620000,2020-11-23 13:16:52.624308,119.0,4.308,123.308,1.18998,1.1901,OANDA DIVISION1,MT4,ZMQ,60,EURUSD,-4.0000000000040004e-05,-1.0000000000065512e-05,-1,0.00011,179.1,,MM,REAL
147,2020-11-23 13:16:52.564000,2020-11-23 13:16:52.683000,2020-11-23 13:16:52.687281,119.0,4.281,123.281,1.18997,1.19008,OANDA DIVISION1,MT4,ZMQ,60,EURUSD,-1.999999999990898e-05,-1.0000000000065512e-05,-1,0.00011,179.1,,MM,REAL
148,2020-11-23 13:16:52.754000,2020-11-23 13:16:52.873000,2020-11-23 13:16:52.877280,119.0,4.28,123.28,1.18996,1.19007,OANDA DIVISION1,MT4,ZMQ,60,EURUSD,-1.0000000000065512e-05,-1.0000000000065512e-05,-1,0.00011,179.1,,MM,REAL
149,2020-11-23 13:16:53.250000,2020-11-23 13:16:53.250000,2020-11-23 13:17:04.795181,0.0,11545.181,11545.181,1.18997,1.19013,Dom Maklerski Banku Ochrony Srodowiska S.A.,MT4,ZMQ,60,EURUSD,0.0,0.0,0,0.00016,179.1,,MM,DEMO
150,2020-11-23 13:16:53.299000,2020-11-23 13:16:53.299000,2020-11-23 13:17:04.841181,0.0,11542.181,11542.181,0.73302,0.73303,International Capital Markets Pty Ltd.,MT4,ZMQ,60,AUDUSD,0.0,-9.99999999995449e-06,0,1e-05,179.1,,,
151,2020-11-23 13:16:53.944000,2020-11-23 13:16:54.063000,2020-11-23 13:17:04.892181,119.0,10829.181,10948.181,1.18995,1.19005,OANDA DIVISION1,MT4,ZMQ,60,EURUSD,-1.999999999990898e-05,-9.999999999843467e-06,-1,0.00011,179.1,,MM,REAL
152,2020-11-23 13:16:53.298000,2020-11-23 13:16:53.298000,2020-11-23 13:17:04.948181,0.0,11650.181,11650.181,1.18993,1.19009,Dom Maklerski Banku Ochrony Srodowiska S.A.,MT4,ZMQ,60,EURUSD,-3.999999999981796e-05,-4.0000000000040004e-05,-1,0.00016,179.1,,MM,DEMO
153,2020-11-23 13:16:54.008000,2020-11-23 13:16:54.127000,2020-11-23 13:17:05.001181,119.0,10874.181,10993.181,1.18996,1.19008,OANDA DIVISION1,MT4,ZMQ,60,EURUSD,2.999999999997449e-05,9.999999999843467e-06,1,0.00011,179.1,,MM,REAL
154,2020-11-23 13:16:54.252000,2020-11-23 13:16:54.252000,2020-11-23 13:17:05.055182,0.0,10803.182,10803.182,1.18997,1.19013,Dom Maklerski Banku Ochrony Srodowiska S.A.,MT4,ZMQ,60,EURUSD,3.999999999981796e-05,4.0000000000040004e-05,1,0.00016,179.1,,MM,DEMO
155,2020-11-23 13:16:54.965000,2020-11-23 13:16:55.084000,2020-11-23 13:17:05.109181,119.0,10025.181,10144.181,1.18998,1.19009,OANDA DIVISION1,MT4,ZMQ,60,EURUSD,1.0000000000065512e-05,2.0000000000131024e-05,1,0.00011,179.1,,MM,REAL
156,2020-11-23 13:17:04.788000,2020-11-23 13:17:04.788000,2020-11-23 13:17:05.165180,0.0,377.18,377.18,1.18992,1.19008,Dom Maklerski Banku Ochrony Srodowiska S.A.,MT4,ZMQ,60,EURUSD,-4.999999999988347e-05,-4.999999999988347e-05,-1,0.00016,179.1,,MM,DEMO
157,2020-11-23 13:16:56.537000,2020-11-23 13:16:56.656000,2020-11-23 13:17:05.221180,119.0,8565.18,8684.18,1.18998,1.19011,OANDA DIVISION1,MT4,ZMQ,60,EURUSD,1.999999999990898e-05,0.0,0,0.00011,179.1,,MM,REAL
158,2020-11-23 13:17:00.591000,2020-11-23 13:17:00.710000,2020-11-23 13:17:05.278180,119.0,4568.18,4687.18,1.18999,1.19012,OANDA DIVISION1,MT4,ZMQ,60,EURUSD,1.0000000000065512e-05,1.0000000000065512e-05,1,0.00011,179.1,,MM,REAL
159,2020-11-23 13:17:02.076000,2020-11-23 13:17:02.195000,2020-11-23 13:17:05.335181,119.0,3140.181,3259.181,1.18998,1.19011,OANDA DIVISION1,MT4,ZMQ,60,EURUSD,-1.0000000000065512e-05,-1.0000000000065512e-05,-1,0.00011,179.1,,MM,REAL
160,2020-11-23 13:17:02.220000,2020-11-23 13:17:02.339000,2020-11-23 13:17:05.390182,119.0,3051.182,3170.182,1.18997,1.19009,OANDA DIVISION1,MT4,ZMQ,60,EURUSD,-1.999999999990898e-05,-1.0000000000065512e-05,-1,0.00011,179.1,,MM,REAL
161,2020-11-23 13:17:03.838000,2020-11-23 13:17:03.957000,2020-11-23 13:17:05.444179,119.0,1487.179,1606.179,1.18996,1.19008,OANDA DIVISION1,MT4,ZMQ,60,EURUSD,-1.0000000000065512e-05,-1.0000000000065512e-05,-1,0.00011,179.1,,MM,REAL
162,2020-11-23 13:17:04.591000,2020-11-23 13:17:04.710000,2020-11-23 13:17:05.497206,119.0,787.206,906.206,1.18995,1.19007,OANDA DIVISION1,MT4,ZMQ,60,EURUSD,-1.0000000000065512e-05,-9.999999999843467e-06,-1,0.00011,179.1,,MM,REAL
163,2020-11-23 13:17:05.551000,2020-11-23 13:17:05.670000,2020-11-23 13:17:05.674179,119.0,4.179,123.179,1.18994,1.19006,OANDA DIVISION1,MT4,ZMQ,60,EURUSD,-1.0000000000065512e-05,-1.0000000000065512e-05,-1,0.00011,179.1,,MM,REAL
164,2020-11-23 13:17:05.742000,2020-11-23 13:17:05.861000,2020-11-23 13:17:05.865182,119.0,4.182,123.182,1.18995,1.19007,OANDA DIVISION1,MT4,ZMQ,60,EURUSD,1.0000000000065512e-05,1.0000000000065512e-05,1,0.00011,179.1,,MM,REAL
165,2020-11-23 13:17:06.069000,2020-11-23 13:17:06.188000,2020-11-23 13:17:06.192180,119.0,4.18,123.18,1.18994,1.19006,OANDA DIVISION1,MT4,ZMQ,60,EURUSD,-1.0000000000065512e-05,-1.0000000000065512e-05,-1,0.00011,179.1,,MM,REAL
166,2020-11-23 13:17:06.238000,2020-11-23 13:17:06.357000,2020-11-23 13:17:06.361180,119.0,4.18,123.18,1.18994,1.19005,OANDA DIVISION1,MT4,ZMQ,60,EURUSD,-9.999999999843467e-06,0.0,0,0.00011,179.1,,MM,REAL
167,2020-11-23 13:17:06.454000,2020-11-23 13:17:06.454000,2020-11-23 13:17:06.458182,0.0,4.182,4.182,0.73301,0.73301,International Capital Markets Pty Ltd.,MT4,ZMQ,60,AUDUSD,-1.999999999990898e-05,-9.99999999995449e-06,-1,1e-05,179.1,,,
168,2020-11-23 13:17:06.470000,2020-11-23 13:17:06.470000,2020-11-23 13:17:06.511179,0.0,41.179,41.179,1.18998,1.19014,Dom Maklerski Banku Ochrony Srodowiska S.A.,MT4,ZMQ,60,EURUSD,5.999999999994898e-05,5.999999999994898e-05,1,0.00016,179.1,,MM,DEMO
169,2020-11-23 13:17:06.385000,2020-11-23 13:17:06.504000,2020-11-23 13:17:06.566693,119.0,62.693,181.693,1.18995,1.19008,OANDA DIVISION1,MT4,ZMQ,60,EURUSD,2.999999999997449e-05,1.0000000000065512e-05,1,0.00011,179.1,,MM,REAL
170,2020-11-23 13:17:06.524000,2020-11-23 13:17:06.643000,2020-11-23 13:17:06.648692,119.0,5.692,124.692,1.18997,1.19009,OANDA DIVISION1,MT4,ZMQ,60,EURUSD,1.0000000000065512e-05,1.999999999990898e-05,1,0.00011,179.1,,MM,REAL
171,2020-11-23 13:17:07.305000,2020-11-23 13:17:07.424000,2020-11-23 13:17:07.429693,119.0,5.693,124.693,1.18995,1.19009,OANDA DIVISION1,MT4,ZMQ,60,EURUSD,0.0,-1.999999999990898e-05,0,0.00011,179.1,,MM,REAL
172,2020-11-23 13:17:07.511000,2020-11-23 13:17:07.630000,2020-11-23 13:17:07.634693,119.0,4.693,123.693,1.18995,1.19007,OANDA DIVISION1,MT4,ZMQ,60,EURUSD,-2.0000000000131024e-05,0.0,0,0.00011,179.1,,MM,REAL
173,2020-11-23 13:17:07.645000,2020-11-23 13:17:07.645000,2020-11-23 13:17:07.689692,0.0,44.692,44.692,1.18991,1.19007,Dom Maklerski Banku Ochrony Srodowiska S.A.,MT4,ZMQ,60,EURUSD,-7.00000000000145e-05,-7.00000000000145e-05,-1,0.00016,179.1,,MM,DEMO
174,2020-11-23 13:17:08.037000,2020-11-23 13:17:08.037000,2020-11-23 13:17:08.041693,0.0,4.693,4.693,0.733,0.733,International Capital Markets Pty Ltd.,MT4,ZMQ,60,AUDUSD,-1.0000000000065512e-05,-1.0000000000065512e-05,-1,1e-05,179.1,,,
175,2020-11-23 13:17:09.237000,2020-11-23 13:17:09.356000,2020-11-23 13:17:09.360692,119.0,4.692,123.692,1.18995,1.19005,OANDA DIVISION1,MT4,ZMQ,60,EURUSD,-1.999999999990898e-05,0.0,0,0.00011,179.1,,MM,REAL
176,2020-11-23 13:17:09.678000,2020-11-23 13:17:09.797000,2020-11-23 13:17:09.801896,119.0,4.896,123.896,1.18995,1.19007,OANDA DIVISION1,MT4,ZMQ,60,EURUSD,1.999999999990898e-05,0.0,0,0.00011,179.1,,MM,REAL
177,2020-11-23 13:17:10.685000,2020-11-23 13:17:10.804000,2020-11-23 13:17:10.808101,119.0,4.101,123.101,1.18994,1.19006,OANDA DIVISION1,MT4,ZMQ,60,EURUSD,-1.0000000000065512e-05,-1.0000000000065512e-05,-1,0.00011,179.1,,MM,REAL
178,2020-11-23 13:17:10.748000,2020-11-23 13:17:10.867000,2020-11-23 13:17:10.871131,119.0,4.131,123.131,1.18992,1.19006,OANDA DIVISION1,MT4,ZMQ,60,EURUSD,0.0,-1.999999999990898e-05,0,0.00011,179.1,,MM,REAL
179,2020-11-23 13:17:11.156000,2020-11-23 13:17:11.156000,2020-11-23 13:17:11.160101,0.0,4.101,4.101,0.73299,0.73299,International Capital Markets Pty Ltd.,MT4,ZMQ,60,AUDUSD,-9.99999999995449e-06,-9.99999999995449e-06,-1,1e-05,179.1,,,
180,2020-11-23 13:17:11.752000,2020-11-23 13:17:11.752000,2020-11-23 13:17:11.757128,0.0,5.128,5.128,0.733,0.733,International Capital Markets Pty Ltd.,MT4,ZMQ,60,AUDUSD,9.99999999995449e-06,9.99999999995449e-06,1,1e-05,179.1,,,
181,2020-11-23 13:17:12.341000,2020-11-23 13:17:12.341000,2020-11-23 13:17:12.345106,0.0,4.106,4.106,0.73299,0.73299,International Capital Markets Pty Ltd.,MT4,ZMQ,60,AUDUSD,-9.99999999995449e-06,-9.99999999995449e-06,-1,1e-05,179.1,,,
182,2020-11-23 13:17:12.737000,2020-11-23 13:17:12.737000,2020-11-23 13:17:12.741106,0.0,4.106,4.106,0.733,0.733,International Capital Markets Pty Ltd.,MT4,ZMQ,60,AUDUSD,9.99999999995449e-06,9.99999999995449e-06,1,1e-05,179.1,,,
183,2020-11-23 13:17:13.306000,2020-11-23 13:17:13.306000,2020-11-23 13:17:13.310104,0.0,4.104,4.104,0.73299,0.73299,International Capital Markets Pty Ltd.,MT4,ZMQ,60,AUDUSD,-9.99999999995449e-06,-9.99999999995449e-06,-1,1e-05,179.1,,,
184,2020-11-23 13:17:14.279000,2020-11-23 13:17:14.398000,2020-11-23 13:17:14.403612,119.0,5.612,124.612,1.18991,1.19004,OANDA DIVISION1,MT4,ZMQ,60,EURUSD,-1.999999999990898e-05,-1.0000000000065512e-05,-1,0.00011,179.1,,MM,REAL
185,2020-11-23 13:17:14.535000,2020-11-23 13:17:14.654000,2020-11-23 13:17:14.658612,119.0,4.612,123.612,1.18991,1.19004,OANDA DIVISION1,MT4,ZMQ,60,EURUSD,0.0,0.0,0,0.00011,179.1,,MM,REAL
186,2020-11-23 13:17:14.688000,2020-11-23 13:17:14.688000,2020-11-23 13:17:14.713612,0.0,25.612,25.612,0.73298,0.73298,International Capital Markets Pty Ltd.,MT4,ZMQ,60,AUDUSD,-1.0000000000065512e-05,-1.0000000000065512e-05,-1,1e-05,179.1,,,
187,2020-11-23 13:17:14.848000,2020-11-23 13:17:14.848000,2020-11-23 13:17:14.852610,0.0,4.61,4.61,0.73299,0.73299,International Capital Markets Pty Ltd.,MT4,ZMQ,60,AUDUSD,1.0000000000065512e-05,1.0000000000065512e-05,1,1e-05,179.1,,,
188,2020-11-23 13:17:14.771000,2020-11-23 13:17:14.890000,2020-11-23 13:17:14.903613,119.0,13.613,132.613,1.18992,1.19005,OANDA DIVISION1,MT4,ZMQ,60,EURUSD,1.0000000000065512e-05,1.0000000000065512e-05,1,0.00011,179.1,,MM,REAL
189,2020-11-23 13:17:15.022000,2020-11-23 13:17:15.141000,2020-11-23 13:17:15.145614,119.0,4.614,123.614,1.18991,1.19003,OANDA DIVISION1,MT4,ZMQ,60,EURUSD,-2.0000000000131024e-05,-1.0000000000065512e-05,-1,0.00011,179.1,,MM,REAL
190,2020-11-23 13:17:15.288000,2020-11-23 13:17:15.407000,2020-11-23 13:17:15.412612,119.0,5.612,124.612,1.18992,1.19004,OANDA DIVISION1,MT4,ZMQ,60,EURUSD,1.0000000000065512e-05,1.0000000000065512e-05,1,0.00011,179.1,,MM,REAL
191,2020-11-23 13:17:15.685000,2020-11-23 13:17:15.685000,2020-11-23 13:17:15.689612,0.0,4.612,4.612,0.73297,0.73297,International Capital Markets Pty Ltd.,MT4,ZMQ,60,AUDUSD,-2.0000000000020002e-05,-2.0000000000020002e-05,-1,1e-05,179.1,,,
192,2020-11-23 13:17:15.908000,2020-11-23 13:17:15.908000,2020-11-23 13:17:15.913637,0.0,5.637,5.637,0.73297,0.73298,International Capital Markets Pty Ltd.,MT4,ZMQ,60,AUDUSD,9.99999999995449e-06,0.0,0,1e-05,179.1,,,
193,2020-11-23 13:17:15.920000,2020-11-23 13:17:15.920000,2020-11-23 13:17:15.966612,0.0,46.612,46.612,0.73297,0.73297,International Capital Markets Pty Ltd.,MT4,ZMQ,60,AUDUSD,-9.99999999995449e-06,0.0,0,1e-05,179.1,,,
194,2020-11-23 13:17:16.016000,2020-11-23 13:17:16.016000,2020-11-23 13:17:16.020610,0.0,4.61,4.61,1.18987,1.19003,Dom Maklerski Banku Ochrony Srodowiska S.A.,MT4,ZMQ,60,EURUSD,-4.0000000000040004e-05,-4.0000000000040004e-05,-1,0.00016,179.1,,MM,DEMO
195,2020-11-23 13:17:16.046000,2020-11-23 13:17:16.046000,2020-11-23 13:17:16.076612,0.0,30.612,30.612,1.18988,1.19004,Dom Maklerski Banku Ochrony Srodowiska S.A.,MT4,ZMQ,60,EURUSD,1.0000000000065512e-05,1.0000000000065512e-05,1,0.00016,179.1,,MM,DEMO
196,2020-11-23 13:17:16.078000,2020-11-23 13:17:16.078000,2020-11-23 13:17:16.132612,0.0,54.612,54.612,1.18992,1.19008,Dom Maklerski Banku Ochrony Srodowiska S.A.,MT4,ZMQ,60,EURUSD,4.0000000000040004e-05,4.0000000000040004e-05,1,0.00016,179.1,,MM,DEMO
197,2020-11-23 13:17:16.159000,2020-11-23 13:17:16.159000,2020-11-23 13:17:16.189611,0.0,30.611,30.611,1.18986,1.19002,Dom Maklerski Banku Ochrony Srodowiska S.A.,MT4,ZMQ,60,EURUSD,-5.999999999994898e-05,-6.000000000017103e-05,-1,0.00016,179.1,,MM,DEMO
198,2020-11-23 13:17:16.140000,2020-11-23 13:17:16.140000,2020-11-23 13:17:16.244638,0.0,104.638,104.638,0.73297,0.73298,International Capital Markets Pty Ltd.,MT4,ZMQ,60,AUDUSD,9.99999999995449e-06,0.0,0,1e-05,179.1,,,
199,2020-11-23 13:17:16.417000,2020-11-23 13:17:16.536000,2020-11-23 13:17:16.540117,119.0,4.117,123.117,1.18991,1.19003,OANDA DIVISION1,MT4,ZMQ,60,EURUSD,-1.0000000000065512e-05,-1.0000000000065512e-05,-1,0.00011,179.1,,MM,REAL
200,2020-11-23 13:17:16.796000,2020-11-23 13:17:16.796000,2020-11-23 13:17:16.801118,0.0,5.118,5.118,0.73296,0.73297,International Capital Markets Pty Ltd.,MT4,ZMQ,60,AUDUSD,-9.99999999995449e-06,-1.0000000000065512e-05,-1,1e-05,179.1,,,
201,2020-11-23 13:17:16.703000,2020-11-23 13:17:16.822000,2020-11-23 13:17:16.854116,119.0,32.116,151.116,1.18993,1.19004,OANDA DIVISION1,MT4,ZMQ,60,EURUSD,1.0000000000065512e-05,1.999999999990898e-05,1,0.00011,179.1,,MM,REAL
202,2020-11-23 13:17:16.840000,2020-11-23 13:17:16.840000,2020-11-23 13:17:16.908118,0.0,68.118,68.118,1.18993,1.19009,Dom Maklerski Banku Ochrony Srodowiska S.A.,MT4,ZMQ,60,EURUSD,7.00000000000145e-05,7.00000000000145e-05,1,0.00016,179.1,,MM,DEMO
203,2020-11-23 13:17:16.788000,2020-11-23 13:17:16.907000,2020-11-23 13:17:16.964118,119.0,57.118,176.118,1.18994,1.19006,OANDA DIVISION1,MT4,ZMQ,60,EURUSD,1.999999999990898e-05,1.0000000000065512e-05,1,0.00011,179.1,,MM,REAL
204,2020-11-23 13:17:17.042000,2020-11-23 13:17:17.161000,2020-11-23 13:17:17.165117,119.0,4.117,123.117,1.18993,1.19005,OANDA DIVISION1,MT4,ZMQ,60,EURUSD,-9.999999999843467e-06,-1.0000000000065512e-05,-1,0.00011,179.1,,MM,REAL
205,2020-11-23 13:17:17.414000,2020-11-23 13:17:17.414000,2020-11-23 13:17:17.418117,0.0,4.117,4.117,0.73297,0.73298,International Capital Markets Pty Ltd.,MT4,ZMQ,60,AUDUSD,9.99999999995449e-06,1.0000000000065512e-05,1,1e-05,179.1,,,
206,2020-11-23 13:17:17.631000,2020-11-23 13:17:17.631000,2020-11-23 13:17:17.635118,0.0,4.118,4.118,1.18987,1.19003,Dom Maklerski Banku Ochrony Srodowiska S.A.,MT4,ZMQ,60,EURUSD,-6.000000000017103e-05,-5.999999999994898e-05,-1,0.00016,179.1,,MM,DEMO
207,2020-11-23 13:17:17.547000,2020-11-23 13:17:17.666000,2020-11-23 13:17:17.692118,119.0,26.118,145.118,1.18991,1.19003,OANDA DIVISION1,MT4,ZMQ,60,EURUSD,-2.0000000000131024e-05,-1.999999999990898e-05,-1,0.00011,179.1,,MM,REAL
208,2020-11-23 13:17:17.754000,2020-11-23 13:17:17.873000,2020-11-23 13:17:17.877119,119.0,4.119,123.119,1.1899,1.19003,OANDA DIVISION1,MT4,ZMQ,60,EURUSD,0.0,-1.0000000000065512e-05,0,0.00011,179.1,,MM,REAL
209,2020-11-23 13:17:17.819000,2020-11-23 13:17:17.938000,2020-11-23 13:17:17.942119,119.0,4.119,123.119,1.18989,1.19002,OANDA DIVISION1,MT4,ZMQ,60,EURUSD,-9.999999999843467e-06,-1.0000000000065512e-05,-1,0.00011,179.1,,MM,REAL
210,2020-11-23 13:17:18.271000,2020-11-23 13:17:18.271000,2020-11-23 13:17:18.276140,0.0,5.14,5.14,0.73297,0.73297,International Capital Markets Pty Ltd.,MT4,ZMQ,60,AUDUSD,-9.99999999995449e-06,0.0,0,1e-05,179.1,,,
211,2020-11-23 13:17:18.257000,2020-11-23 13:17:18.376000,2020-11-23 13:17:18.380118,119.0,4.118,123.118,1.18989,1.19,OANDA DIVISION1,MT4,ZMQ,60,EURUSD,-2.0000000000131024e-05,0.0,0,0.00011,179.1,,MM,REAL
212,2020-11-23 13:17:18.538000,2020-11-23 13:17:18.538000,2020-11-23 13:17:18.542118,0.0,4.118,4.118,0.73296,0.73296,International Capital Markets Pty Ltd.,MT4,ZMQ,60,AUDUSD,-1.0000000000065512e-05,-1.0000000000065512e-05,-1,1e-05,179.1,,,
213,2020-11-23 13:17:18.527000,2020-11-23 13:17:18.646000,2020-11-23 13:17:18.650117,119.0,4.117,123.117,1.18989,1.19002,OANDA DIVISION1,MT4,ZMQ,60,EURUSD,2.0000000000131024e-05,0.0,0,0.00011,179.1,,MM,REAL
214,2020-11-23 13:17:18.680000,2020-11-23 13:17:18.680000,2020-11-23 13:17:18.709116,0.0,29.116,29.116,0.73297,0.73297,International Capital Markets Pty Ltd.,MT4,ZMQ,60,AUDUSD,1.0000000000065512e-05,1.0000000000065512e-05,1,1e-05,179.1,,,
215,2020-11-23 13:17:18.902000,2020-11-23 13:17:18.902000,2020-11-23 13:17:18.906197,0.0,4.197,4.197,0.73296,0.73297,International Capital Markets Pty Ltd.,MT4,ZMQ,60,AUDUSD,0.0,-1.0000000000065512e-05,0,1e-05,179.1,,,
216,2020-11-23 13:17:20.035000,2020-11-23 13:17:20.154000,2020-11-23 13:17:20.158198,119.0,4.198,123.198,1.18989,1.19,OANDA DIVISION1,MT4,ZMQ,60,EURUSD,-2.0000000000131024e-05,0.0,0,0.00011,179.1,,MM,REAL
217,2020-11-23 13:17:20.255000,2020-11-23 13:17:20.374000,2020-11-23 13:17:20.378198,119.0,4.198,123.198,1.1899,1.19001,OANDA DIVISION1,MT4,ZMQ,60,EURUSD,1.0000000000065512e-05,1.0000000000065512e-05,1,0.00011,179.1,,MM,REAL
218,2020-11-23 13:17:20.559000,2020-11-23 13:17:20.678000,2020-11-23 13:17:20.683198,119.0,5.198,124.198,1.1899,1.19003,OANDA DIVISION1,MT4,ZMQ,60,EURUSD,1.999999999990898e-05,0.0,0,0.00011,179.1,,MM,REAL
219,2020-11-23 13:17:21.167000,2020-11-23 13:17:21.167000,2020-11-23 13:17:21.171198,0.0,4.198,4.198,0.73296,0.73296,International Capital Markets Pty Ltd.,MT4,ZMQ,60,AUDUSD,-1.0000000000065512e-05,0.0,0,1e-05,179.1,,,
220,2020-11-23 13:17:21.370000,2020-11-23 13:17:21.370000,2020-11-23 13:17:21.375199,0.0,5.199,5.199,0.73296,0.73297,International Capital Markets Pty Ltd.,MT4,ZMQ,60,AUDUSD,1.0000000000065512e-05,0.0,0,1e-05,179.1,,,
221,2020-11-23 13:17:22.209000,2020-11-23 13:17:22.328000,2020-11-23 13:17:22.333703,119.0,5.703,124.703,1.18992,1.19003,OANDA DIVISION1,MT4,ZMQ,60,EURUSD,0.0,2.0000000000131024e-05,0,0.00011,179.1,,MM,REAL
222,2020-11-23 13:17:22.308000,2020-11-23 13:17:22.427000,2020-11-23 13:17:22.432703,119.0,5.703,124.703,1.18993,1.19005,OANDA DIVISION1,MT4,ZMQ,60,EURUSD,2.0000000000131024e-05,9.999999999843467e-06,1,0.00011,179.1,,MM,REAL
223,2020-11-23 13:17:22.559000,2020-11-23 13:17:22.559000,2020-11-23 13:17:22.564704,0.0,5.704,5.704,1.18991,1.19007,Dom Maklerski Banku Ochrony Srodowiska S.A.,MT4,ZMQ,60,EURUSD,4.0000000000040004e-05,4.0000000000040004e-05,1,0.00016,179.1,,MM,DEMO
224,2020-11-23 13:17:22.483000,2020-11-23 13:17:22.602000,2020-11-23 13:17:22.621703,119.0,19.703,138.703,1.18995,1.19007,OANDA DIVISION1,MT4,ZMQ,60,EURUSD,1.999999999990898e-05,2.0000000000131024e-05,1,0.00011,179.1,,MM,REAL
225,2020-11-23 13:17:22.640000,2020-11-23 13:17:22.640000,2020-11-23 13:17:22.679704,0.0,39.704,39.704,0.73296,0.73298,International Capital Markets Pty Ltd.,MT4,ZMQ,60,AUDUSD,9.99999999995449e-06,0.0,0,1e-05,179.1,,,
226,2020-11-23 13:17:22.575000,2020-11-23 13:17:22.694000,2020-11-23 13:17:22.733705,119.0,39.705,158.705,1.18994,1.19006,OANDA DIVISION1,MT4,ZMQ,60,EURUSD,-1.0000000000065512e-05,-1.0000000000065512e-05,-1,0.00011,179.1,,MM,REAL
227,2020-11-23 13:17:22.799000,2020-11-23 13:17:22.799000,2020-11-23 13:17:22.803703,0.0,4.703,4.703,0.73297,0.73299,International Capital Markets Pty Ltd.,MT4,ZMQ,60,AUDUSD,1.0000000000065512e-05,1.0000000000065512e-05,1,1e-05,179.1,,,
228,2020-11-23 13:17:22.700000,2020-11-23 13:17:22.819000,2020-11-23 13:17:22.861704,119.0,42.704,161.704,1.18993,1.19005,OANDA DIVISION1,MT4,ZMQ,60,EURUSD,-9.999999999843467e-06,-1.0000000000065512e-05,-1,0.00011,179.1,,MM,REAL
229,2020-11-23 13:17:22.763000,2020-11-23 13:17:22.882000,2020-11-23 13:17:22.919704,119.0,37.704,156.704,1.18995,1.19006,OANDA DIVISION1,MT4,ZMQ,60,EURUSD,9.999999999843467e-06,2.0000000000131024e-05,1,0.00011,179.1,,MM,REAL
230,2020-11-23 13:17:22.984000,2020-11-23 13:17:23.103000,2020-11-23 13:17:23.108704,119.0,5.704,124.704,1.18994,1.19006,OANDA DIVISION1,MT4,ZMQ,60,EURUSD,0.0,-1.0000000000065512e-05,0,0.00011,179.1,,MM,REAL
231,2020-11-23 13:17:23.177000,2020-11-23 13:17:23.177000,2020-11-23 13:17:23.181729,0.0,4.729,4.729,0.73297,0.73298,International Capital Markets Pty Ltd.,MT4,ZMQ,60,AUDUSD,-1.0000000000065512e-05,0.0,0,1e-05,179.1,,,
232,2020-11-23 13:17:23.272000,2020-11-23 13:17:23.391000,2020-11-23 13:17:23.395704,119.0,4.704,123.704,1.18995,1.19007,OANDA DIVISION1,MT4,ZMQ,60,EURUSD,1.0000000000065512e-05,1.0000000000065512e-05,1,0.00011,179.1,,MM,REAL
233,2020-11-23 13:17:24.126000,2020-11-23 13:17:24.245000,2020-11-23 13:17:24.249703,119.0,4.703,123.703,1.18994,1.19006,OANDA DIVISION1,MT4,ZMQ,60,EURUSD,-1.0000000000065512e-05,-1.0000000000065512e-05,-1,0.00011,179.1,,MM,REAL
234,2020-11-23 13:17:24.236000,2020-11-23 13:17:24.355000,2020-11-23 13:17:24.360703,119.0,5.703,124.703,1.18993,1.19005,OANDA DIVISION1,MT4,ZMQ,60,EURUSD,-9.999999999843467e-06,-1.0000000000065512e-05,-1,0.00011,179.1,,MM,REAL
235,2020-11-23 13:17:25.109000,2020-11-23 13:17:25.228000,2020-11-23 13:17:25.232704,119.0,4.704,123.704,1.18994,1.19006,OANDA DIVISION1,MT4,ZMQ,60,EURUSD,9.999999999843467e-06,1.0000000000065512e-05,1,0.00011,179.1,,MM,REAL
236,2020-11-23 13:17:25.235000,2020-11-23 13:17:25.354000,2020-11-23 13:17:25.359703,119.0,5.703,124.703,1.18993,1.19005,OANDA DIVISION1,MT4,ZMQ,60,EURUSD,-9.999999999843467e-06,-1.0000000000065512e-05,-1,0.00011,179.1,,MM,REAL
237,2020-11-23 13:17:25.718000,2020-11-23 13:17:25.718000,2020-11-23 13:17:25.723702,0.0,5.702,5.702,0.73298,0.73298,International Capital Markets Pty Ltd.,MT4,ZMQ,60,AUDUSD,0.0,9.99999999995449e-06,0,1e-05,179.1,,,
238,2020-11-23 13:17:25.782000,2020-11-23 13:17:25.782000,2020-11-23 13:17:25.786704,0.0,4.704,4.704,0.73298,0.73299,International Capital Markets Pty Ltd.,MT4,ZMQ,60,AUDUSD,1.0000000000065512e-05,0.0,0,1e-05,179.1,,,
239,2020-11-23 13:17:26.062000,2020-11-23 13:17:26.181000,2020-11-23 13:17:26.185702,119.0,4.702,123.702,1.18994,1.19006,OANDA DIVISION1,MT4,ZMQ,60,EURUSD,9.999999999843467e-06,1.0000000000065512e-05,1,0.00011,179.1,,MM,REAL
240,2020-11-23 13:17:26.401000,2020-11-23 13:17:26.401000,2020-11-23 13:17:26.405704,0.0,4.704,4.704,0.73297,0.73299,International Capital Markets Pty Ltd.,MT4,ZMQ,60,AUDUSD,0.0,-9.99999999995449e-06,0,1e-05,179.1,,,
241,2020-11-23 13:17:26.885000,2020-11-23 13:17:26.885000,2020-11-23 13:17:26.889704,0.0,4.704,4.704,0.73298,0.73299,International Capital Markets Pty Ltd.,MT4,ZMQ,60,AUDUSD,0.0,9.99999999995449e-06,0,1e-05,179.1,,,
242,2020-11-23 13:17:27.305000,2020-11-23 13:17:27.305000,2020-11-23 13:17:27.309704,0.0,4.704,4.704,0.73297,0.73299,International Capital Markets Pty Ltd.,MT4,ZMQ,60,AUDUSD,0.0,-9.99999999995449e-06,0,1e-05,179.1,,,
243,2020-11-23 13:17:27.979000,2020-11-23 13:17:28.098000,2020-11-23 13:17:28.103702,119.0,5.702,124.702,1.18994,1.19005,OANDA DIVISION1,MT4,ZMQ,60,EURUSD,-9.999999999843467e-06,0.0,0,0.00011,179.1,,MM,REAL
244,2020-11-23 13:17:29.731000,2020-11-23 13:17:29.850000,2020-11-23 13:17:29.854263,119.0,4.263,123.263,1.18995,1.19009,OANDA DIVISION1,MT4,ZMQ,60,EURUSD,4.0000000000040004e-05,1.0000000000065512e-05,1,0.00011,179.1,,MM,REAL
245,2020-11-23 13:17:29.866000,2020-11-23 13:17:29.866000,2020-11-23 13:17:29.908292,0.0,42.292,42.292,0.73298,0.73299,International Capital Markets Pty Ltd.,MT4,ZMQ,60,AUDUSD,0.0,9.99999999995449e-06,0,1e-05,179.1,,,
246,2020-11-23 13:17:29.913000,2020-11-23 13:17:29.913000,2020-11-23 13:17:29.960288,0.0,47.288,47.288,0.73298,0.733,International Capital Markets Pty Ltd.,MT4,ZMQ,60,AUDUSD,9.99999999995449e-06,0.0,0,1e-05,179.1,,,
247,2020-11-23 13:17:30.054000,2020-11-23 13:17:30.054000,2020-11-23 13:17:30.059288,0.0,5.288,5.288,1.18996,1.19012,Dom Maklerski Banku Ochrony Srodowiska S.A.,MT4,ZMQ,60,EURUSD,5.0000000000105516e-05,4.999999999988347e-05,1,0.00016,179.1,,MM,DEMO
248,2020-11-23 13:17:30.017000,2020-11-23 13:17:30.136000,2020-11-23 13:17:30.140264,119.0,4.264,123.264,1.18994,1.19007,OANDA DIVISION1,MT4,ZMQ,60,EURUSD,-2.0000000000131024e-05,-1.0000000000065512e-05,-1,0.00011,179.1,,MM,REAL
249,2020-11-23 13:17:30.141000,2020-11-23 13:17:30.141000,2020-11-23 13:17:30.200292,0.0,59.292,59.292,0.73299,0.733,International Capital Markets Pty Ltd.,MT4,ZMQ,60,AUDUSD,0.0,1.0000000000065512e-05,0,1e-05,179.1,,,
250,2020-11-23 13:17:30.185000,2020-11-23 13:17:30.185000,2020-11-23 13:17:30.252287,0.0,67.287,67.287,1.18992,1.19008,Dom Maklerski Banku Ochrony Srodowiska S.A.,MT4,ZMQ,60,EURUSD,-4.0000000000040004e-05,-3.999999999981796e-05,-1,0.00016,179.1,,MM,DEMO
251,2020-11-23 13:17:30.244000,2020-11-23 13:17:30.244000,2020-11-23 13:17:30.308292,0.0,64.292,64.292,1.18998,1.19014,Dom Maklerski Banku Ochrony Srodowiska S.A.,MT4,ZMQ,60,EURUSD,5.999999999994898e-05,5.999999999994898e-05,1,0.00016,179.1,,MM,DEMO
252,2020-11-23 13:17:30.261000,2020-11-23 13:17:30.261000,2020-11-23 13:17:30.361264,0.0,100.264,100.264,1.18993,1.19009,Dom Maklerski Banku Ochrony Srodowiska S.A.,MT4,ZMQ,60,EURUSD,-4.999999999988347e-05,-5.0000000000105516e-05,-1,0.00016,179.1,,MM,DEMO
253,2020-11-23 13:17:30.483000,2020-11-23 13:17:30.483000,2020-11-23 13:17:30.487264,0.0,4.264,4.264,0.73298,0.733,International Capital Markets Pty Ltd.,MT4,ZMQ,60,AUDUSD,0.0,-1.0000000000065512e-05,0,1e-05,179.1,,,
254,2020-11-23 13:17:30.442000,2020-11-23 13:17:30.561000,2020-11-23 13:17:30.566262,119.0,5.262,124.262,1.18995,1.19008,OANDA DIVISION1,MT4,ZMQ,60,EURUSD,1.0000000000065512e-05,1.0000000000065512e-05,1,0.00011,179.1,,MM,REAL
255,2020-11-23 13:17:30.726000,2020-11-23 13:17:30.726000,2020-11-23 13:17:30.730263,0.0,4.263,4.263,0.73299,0.733,International Capital Markets Pty Ltd.,MT4,ZMQ,60,AUDUSD,0.0,1.0000000000065512e-05,0,1e-05,179.1,,,
256,2020-11-23 13:17:30.908000,2020-11-23 13:17:30.908000,2020-11-23 13:17:30.912264,0.0,4.264,4.264,1.18997,1.19013,Dom Maklerski Banku Ochrony Srodowiska S.A.,MT4,ZMQ,60,EURUSD,3.999999999981796e-05,4.0000000000040004e-05,1,0.00016,179.1,,MM,DEMO
257,2020-11-23 13:17:30.883200,2020-11-23 13:17:31.002200,2020-11-23 13:17:31.006264,119.0,4.064,123.064,1.18994,1.19007,OANDA DIVISION1,MT4,ZMQ,60,EURUSD,-1.0000000000065512e-05,-1.0000000000065512e-05,-1,0.00011,179.1,,MM,REAL
258,2020-11-23 13:17:31.127000,2020-11-23 13:17:31.127000,2020-11-23 13:17:31.131264,0.0,4.264,4.264,1.18991,1.19007,Dom Maklerski Banku Ochrony Srodowiska S.A.,MT4,ZMQ,60,EURUSD,-5.999999999994898e-05,-5.999999999994898e-05,-1,0.00016,179.1,,MM,DEMO
259,2020-11-23 13:17:31.071000,2020-11-23 13:17:31.190000,2020-11-23 13:17:31.195262,119.0,5.262,124.262,1.18995,1.19008,OANDA DIVISION1,MT4,ZMQ,60,EURUSD,1.0000000000065512e-05,1.0000000000065512e-05,1,0.00011,179.1,,MM,REAL
260,2020-11-23 13:17:31.306000,2020-11-23 13:17:31.306000,2020-11-23 13:17:31.310264,0.0,4.264,4.264,0.73298,0.733,International Capital Markets Pty Ltd.,MT4,ZMQ,60,AUDUSD,0.0,-1.0000000000065512e-05,0,1e-05,179.1,,,
261,2020-11-23 13:17:31.246000,2020-11-23 13:17:31.365000,2020-11-23 13:17:31.370264,119.0,5.264,124.264,1.18994,1.19007,OANDA DIVISION1,MT4,ZMQ,60,EURUSD,-1.0000000000065512e-05,-1.0000000000065512e-05,-1,0.00011,179.1,,MM,REAL
262,2020-11-23 13:17:31.397000,2020-11-23 13:17:31.397000,2020-11-23 13:17:31.425263,0.0,28.263,28.263,0.73299,0.733,International Capital Markets Pty Ltd.,MT4,ZMQ,60,AUDUSD,0.0,1.0000000000065512e-05,0,1e-05,179.1,,,
263,2020-11-23 13:17:31.976000,2020-11-23 13:17:32.095000,2020-11-23 13:17:32.100262,119.0,5.262,124.262,1.18994,1.19007,OANDA DIVISION1,MT4,ZMQ,60,EURUSD,0.0,0.0,0,0.00011,179.1,,MM,REAL
264,2020-11-23 13:17:32.224000,2020-11-23 13:17:32.343000,2020-11-23 13:17:32.347264,119.0,4.264,123.264,1.18992,1.19004,OANDA DIVISION1,MT4,ZMQ,60,EURUSD,-2.999999999997449e-05,-1.999999999990898e-05,-1,0.00011,179.1,,MM,REAL
265,2020-11-23 13:17:32.534000,2020-11-23 13:17:32.534000,2020-11-23 13:17:32.538289,0.0,4.289,4.289,1.18986,1.19002,Dom Maklerski Banku Ochrony Srodowiska S.A.,MT4,ZMQ,60,EURUSD,-4.999999999988347e-05,-5.0000000000105516e-05,-1,0.00016,179.1,,MM,DEMO
266,2020-11-23 13:17:32.463000,2020-11-23 13:17:32.582000,2020-11-23 13:17:32.591294,119.0,9.294,128.294,1.18991,1.19003,OANDA DIVISION1,MT4,ZMQ,60,EURUSD,-1.0000000000065512e-05,-1.0000000000065512e-05,-1,0.00011,179.1,,MM,REAL
267,2020-11-23 13:17:32.544000,2020-11-23 13:17:32.663000,2020-11-23 13:17:32.667289,119.0,4.289,123.289,1.18989,1.19001,OANDA DIVISION1,MT4,ZMQ,60,EURUSD,-1.999999999990898e-05,-2.0000000000131024e-05,-1,0.00011,179.1,,MM,REAL
268,2020-11-23 13:17:32.717000,2020-11-23 13:17:32.836000,2020-11-23 13:17:32.840264,119.0,4.264,123.264,1.1899,1.19002,OANDA DIVISION1,MT4,ZMQ,60,EURUSD,1.0000000000065512e-05,1.0000000000065512e-05,1,0.00011,179.1,,MM,REAL
269,2020-11-23 13:17:32.858000,2020-11-23 13:17:32.858000,2020-11-23 13:17:32.896264,0.0,38.264,38.264,0.73298,0.733,International Capital Markets Pty Ltd.,MT4,ZMQ,60,AUDUSD,0.0,-1.0000000000065512e-05,0,1e-05,179.1,,,
270,2020-11-23 13:17:33.647000,2020-11-23 13:17:33.766000,2020-11-23 13:17:33.770264,119.0,4.264,123.264,1.18989,1.19001,OANDA DIVISION1,MT4,ZMQ,60,EURUSD,-1.0000000000065512e-05,-1.0000000000065512e-05,-1,0.00011,179.1,,MM,REAL
271,2020-11-23 13:17:33.727000,2020-11-23 13:17:33.846000,2020-11-23 13:17:33.850264,119.0,4.264,123.264,1.18987,1.19001,OANDA DIVISION1,MT4,ZMQ,60,EURUSD,0.0,-1.999999999990898e-05,0,0.00011,179.1,,MM,REAL
272,2020-11-23 13:17:34.170000,2020-11-23 13:17:34.170000,2020-11-23 13:17:34.174264,0.0,4.264,4.264,0.73299,0.733,International Capital Markets Pty Ltd.,MT4,ZMQ,60,AUDUSD,0.0,1.0000000000065512e-05,0,1e-05,179.1,,,
273,2020-11-23 13:17:35.382000,2020-11-23 13:17:35.501000,2020-11-23 13:17:35.505263,119.0,4.263,123.263,1.18987,1.18999,OANDA DIVISION1,MT4,ZMQ,60,EURUSD,-1.999999999990898e-05,0.0,0,0.00011,179.1,,MM,REAL
274,2020-11-23 13:17:35.594000,2020-11-23 13:17:35.594000,2020-11-23 13:17:35.598264,0.0,4.264,4.264,1.18981,1.18997,Dom Maklerski Banku Ochrony Srodowiska S.A.,MT4,ZMQ,60,EURUSD,-5.0000000000105516e-05,-4.999999999988347e-05,-1,0.00016,179.1,,MM,DEMO
275,2020-11-23 13:17:35.589000,2020-11-23 13:17:35.708000,2020-11-23 13:17:35.712264,119.0,4.264,123.264,1.18982,1.18994,OANDA DIVISION1,MT4,ZMQ,60,EURUSD,-5.0000000000105516e-05,-4.999999999988347e-05,-1,0.00011,179.1,,MM,REAL
276,2020-11-23 13:17:35.812000,2020-11-23 13:17:35.812000,2020-11-23 13:17:35.816266,0.0,4.266,4.266,0.73298,0.733,International Capital Markets Pty Ltd.,MT4,ZMQ,60,AUDUSD,0.0,-1.0000000000065512e-05,0,1e-05,179.1,,,
277,2020-11-23 13:17:35.827000,2020-11-23 13:17:35.827000,2020-11-23 13:17:35.868288,0.0,41.288,41.288,0.73298,0.73299,International Capital Markets Pty Ltd.,MT4,ZMQ,60,AUDUSD,-9.99999999995449e-06,0.0,0,1e-05,179.1,,,
278,2020-11-23 13:17:35.850000,2020-11-23 13:17:35.850000,2020-11-23 13:17:35.920294,0.0,70.294,70.294,0.73298,0.73298,International Capital Markets Pty Ltd.,MT4,ZMQ,60,AUDUSD,-1.0000000000065512e-05,0.0,0,1e-05,179.1,,,
279,2020-11-23 13:17:35.849000,2020-11-23 13:17:35.849000,2020-11-23 13:17:35.972264,0.0,123.264,123.264,1.18977,1.18993,Dom Maklerski Banku Ochrony Srodowiska S.A.,MT4,ZMQ,60,EURUSD,-4.0000000000040004e-05,-4.0000000000040004e-05,-1,0.00016,179.1,,MM,DEMO
280,2020-11-23 13:17:35.761000,2020-11-23 13:17:35.880000,2020-11-23 13:17:36.028262,119.0,148.262,267.262,1.18981,1.18993,OANDA DIVISION1,MT4,ZMQ,60,EURUSD,-1.0000000000065512e-05,-1.0000000000065512e-05,-1,0.00011,179.1,,MM,REAL
281,2020-11-23 13:17:36.365000,2020-11-23 13:17:36.484000,2020-11-23 13:17:36.488264,119.0,4.264,123.264,1.1898,1.18992,OANDA DIVISION1,MT4,ZMQ,60,EURUSD,-9.999999999843467e-06,-1.0000000000065512e-05,-1,0.00011,179.1,,MM,REAL
282,2020-11-23 13:17:37.175000,2020-11-23 13:17:37.175000,2020-11-23 13:17:37.179264,0.0,4.264,4.264,0.73298,0.733,International Capital Markets Pty Ltd.,MT4,ZMQ,60,AUDUSD,2.0000000000020002e-05,0.0,0,1e-05,179.1,,,
283,2020-11-23 13:17:37.220000,2020-11-23 13:17:37.339000,2020-11-23 13:17:37.343264,119.0,4.264,123.264,1.1898,1.1899,OANDA DIVISION1,MT4,ZMQ,60,EURUSD,-2.0000000000131024e-05,0.0,0,0.00011,179.1,,MM,REAL
284,2020-11-23 13:17:37.270000,2020-11-23 13:17:37.389000,2020-11-23 13:17:37.398265,119.0,9.265,128.265,1.18981,1.18991,OANDA DIVISION1,MT4,ZMQ,60,EURUSD,1.0000000000065512e-05,1.0000000000065512e-05,1,0.00011,179.1,,MM,REAL
285,2020-11-23 13:17:37.722000,2020-11-23 13:17:37.841000,2020-11-23 13:17:37.845289,119.0,4.289,123.289,1.1898,1.18994,OANDA DIVISION1,MT4,ZMQ,60,EURUSD,2.999999999997449e-05,-1.0000000000065512e-05,0,0.00011,179.1,,MM,REAL
286,2020-11-23 13:17:37.835000,2020-11-23 13:17:37.954000,2020-11-23 13:17:37.958264,119.0,4.264,123.264,1.18982,1.18995,OANDA DIVISION1,MT4,ZMQ,60,EURUSD,1.0000000000065512e-05,2.0000000000131024e-05,1,0.00011,179.1,,MM,REAL
287,2020-11-23 13:17:37.962000,2020-11-23 13:17:38.081000,2020-11-23 13:17:38.085264,119.0,4.264,123.264,1.18981,1.18994,OANDA DIVISION1,MT4,ZMQ,60,EURUSD,-1.0000000000065512e-05,-1.0000000000065512e-05,-1,0.00011,179.1,,MM,REAL
288,2020-11-23 13:17:38.675000,2020-11-23 13:17:38.794000,2020-11-23 13:17:38.798287,119.0,4.287,123.287,1.18982,1.18996,OANDA DIVISION1,MT4,ZMQ,60,EURUSD,1.999999999990898e-05,1.0000000000065512e-05,1,0.00011,179.1,,MM,REAL
289,2020-11-23 13:17:39.279000,2020-11-23 13:17:39.279000,2020-11-23 13:17:39.283264,0.0,4.264,4.264,1.18982,1.18998,Dom Maklerski Banku Ochrony Srodowiska S.A.,MT4,ZMQ,60,EURUSD,5.0000000000105516e-05,5.0000000000105516e-05,1,0.00016,179.1,,MM,DEMO
290,2020-11-23 13:17:39.522000,2020-11-23 13:17:39.522000,2020-11-23 13:17:39.526264,0.0,4.264,4.264,0.733,0.733,International Capital Markets Pty Ltd.,MT4,ZMQ,60,AUDUSD,0.0,2.0000000000020002e-05,0,1e-05,179.1,,,
291,2020-11-23 13:17:39.556000,2020-11-23 13:17:39.556000,2020-11-23 13:17:39.580265,0.0,24.265,24.265,0.733,0.73301,International Capital Markets Pty Ltd.,MT4,ZMQ,60,AUDUSD,1.0000000000065512e-05,0.0,0,1e-05,179.1,,,
292,2020-11-23 13:17:40.174000,2020-11-23 13:17:40.174000,2020-11-23 13:17:40.178289,0.0,4.289,4.289,0.733,0.733,International Capital Markets Pty Ltd.,MT4,ZMQ,60,AUDUSD,-1.0000000000065512e-05,0.0,0,1e-05,179.1,,,
293,2020-11-23 13:17:41.709000,2020-11-23 13:17:41.709000,2020-11-23 13:17:41.713288,0.0,4.288,4.288,0.733,0.73301,International Capital Markets Pty Ltd.,MT4,ZMQ,60,AUDUSD,1.0000000000065512e-05,0.0,0,1e-05,179.1,,,
294,2020-11-23 13:17:41.907000,2020-11-23 13:17:42.026000,2020-11-23 13:17:42.031263,119.0,5.263,124.263,1.18984,1.18997,OANDA DIVISION1,MT4,ZMQ,60,EURUSD,1.0000000000065512e-05,1.999999999990898e-05,1,0.00011,179.1,,MM,REAL
295,2020-11-23 13:17:42.016000,2020-11-23 13:17:42.135000,2020-11-23 13:17:42.139264,119.0,4.264,123.264,1.18984,1.18998,OANDA DIVISION1,MT4,ZMQ,60,EURUSD,1.0000000000065512e-05,0.0,0,0.00011,179.1,,MM,REAL
296,2020-11-23 13:17:43.366000,2020-11-23 13:17:43.366000,2020-11-23 13:17:43.371264,0.0,5.264,5.264,0.733,0.73302,International Capital Markets Pty Ltd.,MT4,ZMQ,60,AUDUSD,9.99999999995449e-06,0.0,0,1e-05,179.1,,,
297,2020-11-23 13:17:45.434000,2020-11-23 13:17:45.553000,2020-11-23 13:17:45.557263,119.0,4.263,123.263,1.18987,1.18998,OANDA DIVISION1,MT4,ZMQ,60,EURUSD,0.0,2.999999999997449e-05,0,0.00011,179.1,,MM,REAL
298,2020-11-23 13:17:45.614000,2020-11-23 13:17:45.614000,2020-11-23 13:17:45.619263,0.0,5.263,5.263,1.18987,1.19003,Dom Maklerski Banku Ochrony Srodowiska S.A.,MT4,ZMQ,60,EURUSD,4.999999999988347e-05,4.999999999988347e-05,1,0.00016,179.1,,MM,DEMO
299,2020-11-23 13:17:45.527000,2020-11-23 13:17:45.646000,2020-11-23 13:17:45.675264,119.0,29.264,148.264,1.18988,1.18999,OANDA DIVISION1,MT4,ZMQ,60,EURUSD,1.0000000000065512e-05,1.0000000000065512e-05,1,0.00011,179.1,,MM,REAL
300,2020-11-23 13:17:47.710000,2020-11-23 13:17:47.710000,2020-11-23 13:17:47.714262,0.0,4.262,4.262,0.73301,0.73302,International Capital Markets Pty Ltd.,MT4,ZMQ,60,AUDUSD,0.0,1.0000000000065512e-05,0,1e-05,179.1,,,
301,2020-11-23 13:17:48.064000,2020-11-23 13:17:48.064000,2020-11-23 13:17:48.068263,0.0,4.263,4.263,0.73301,0.73301,International Capital Markets Pty Ltd.,MT4,ZMQ,60,AUDUSD,-9.99999999995449e-06,0.0,0,1e-05,179.1,,,
302,2020-11-23 13:17:48.524000,2020-11-23 13:17:48.643000,2020-11-23 13:17:48.648263,119.0,5.263,124.263,1.18986,1.18998,OANDA DIVISION1,MT4,ZMQ,60,EURUSD,-1.0000000000065512e-05,-2.0000000000131024e-05,-1,0.00011,179.1,,MM,REAL
303,2020-11-23 13:17:48.941000,2020-11-23 13:17:48.941000,2020-11-23 13:17:48.945288,0.0,4.288,4.288,0.73301,0.73302,International Capital Markets Pty Ltd.,MT4,ZMQ,60,AUDUSD,9.99999999995449e-06,0.0,0,1e-05,179.1,,,
304,2020-11-23 13:17:49.020000,2020-11-23 13:17:49.020000,2020-11-23 13:17:49.024264,0.0,4.264,4.264,0.73301,0.73301,International Capital Markets Pty Ltd.,MT4,ZMQ,60,AUDUSD,-9.99999999995449e-06,0.0,0,1e-05,179.1,,,
305,2020-11-23 13:17:49.043000,2020-11-23 13:17:49.162000,2020-11-23 13:17:49.166290,119.0,4.29,123.29,1.18987,1.18999,OANDA DIVISION1,MT4,ZMQ,60,EURUSD,1.0000000000065512e-05,1.0000000000065512e-05,1,0.00011,179.1,,MM,REAL
306,2020-11-23 13:17:49.418000,2020-11-23 13:17:49.418000,2020-11-23 13:17:49.422264,0.0,4.264,4.264,0.73301,0.73302,International Capital Markets Pty Ltd.,MT4,ZMQ,60,AUDUSD,9.99999999995449e-06,0.0,0,1e-05,179.1,,,
307,2020-11-23 13:17:49.795000,2020-11-23 13:17:49.795000,2020-11-23 13:17:49.799264,0.0,4.264,4.264,0.73301,0.73303,International Capital Markets Pty Ltd.,MT4,ZMQ,60,AUDUSD,9.99999999995449e-06,0.0,0,1e-05,179.1,,,
308,2020-11-23 13:17:49.908000,2020-11-23 13:17:49.908000,2020-11-23 13:17:49.912289,0.0,4.289,4.289,0.73302,0.73303,International Capital Markets Pty Ltd.,MT4,ZMQ,60,AUDUSD,0.0,9.99999999995449e-06,0,1e-05,179.1,,,
309,2020-11-23 13:17:50.111000,2020-11-23 13:17:50.111000,2020-11-23 13:17:50.116264,0.0,5.264,5.264,0.73301,0.73303,International Capital Markets Pty Ltd.,MT4,ZMQ,60,AUDUSD,0.0,-9.99999999995449e-06,0,1e-05,179.1,,,
310,2020-11-23 13:17:50.310000,2020-11-23 13:17:50.429000,2020-11-23 13:17:50.433263,119.0,4.263,123.263,1.18988,1.19001,OANDA DIVISION1,MT4,ZMQ,60,EURUSD,1.999999999990898e-05,1.0000000000065512e-05,1,0.00011,179.1,,MM,REAL
311,2020-11-23 13:17:50.481000,2020-11-23 13:17:50.600000,2020-11-23 13:17:50.605264,119.0,5.264,124.264,1.1899,1.19002,OANDA DIVISION1,MT4,ZMQ,60,EURUSD,1.0000000000065512e-05,1.999999999990898e-05,1,0.00011,179.1,,MM,REAL
312,2020-11-23 13:17:50.654000,2020-11-23 13:17:50.654000,2020-11-23 13:17:50.661262,0.0,7.262,7.262,0.73302,0.73303,International Capital Markets Pty Ltd.,MT4,ZMQ,60,AUDUSD,0.0,9.99999999995449e-06,0,1e-05,179.1,,,
313,2020-11-23 13:17:50.909000,2020-11-23 13:17:50.909000,2020-11-23 13:17:50.913262,0.0,4.262,4.262,0.73303,0.73303,International Capital Markets Pty Ltd.,MT4,ZMQ,60,AUDUSD,0.0,9.99999999995449e-06,0,1e-05,179.1,,,
314,2020-11-23 13:17:51.254000,2020-11-23 13:17:51.254000,2020-11-23 13:17:51.258263,0.0,4.263,4.263,0.73302,0.73304,International Capital Markets Pty Ltd.,MT4,ZMQ,60,AUDUSD,1.0000000000065512e-05,-9.99999999995449e-06,0,1e-05,179.1,,,
315,2020-11-23 13:17:56.923000,2020-11-23 13:17:56.923000,2020-11-23 13:17:56.927262,0.0,4.262,4.262,0.73302,0.73303,International Capital Markets Pty Ltd.,MT4,ZMQ,60,AUDUSD,-1.0000000000065512e-05,0.0,0,1e-05,179.1,,,
316,2020-11-23 13:17:57.704000,2020-11-23 13:17:57.823000,2020-11-23 13:17:57.827262,119.0,4.262,123.262,1.18991,1.19004,OANDA DIVISION1,MT4,ZMQ,60,EURUSD,1.999999999990898e-05,1.0000000000065512e-05,1,0.00011,179.1,,MM,REAL
317,2020-11-23 13:17:57.754000,2020-11-23 13:17:57.873000,2020-11-23 13:17:57.883264,119.0,10.264,129.264,1.18994,1.19005,OANDA DIVISION1,MT4,ZMQ,60,EURUSD,1.0000000000065512e-05,2.999999999997449e-05,1,0.00011,179.1,,MM,REAL
318,2020-11-23 13:17:57.917000,2020-11-23 13:17:57.917000,2020-11-23 13:17:57.938262,0.0,21.262,21.262,1.18992,1.19008,Dom Maklerski Banku Ochrony Srodowiska S.A.,MT4,ZMQ,60,EURUSD,5.0000000000105516e-05,5.0000000000105516e-05,1,0.00016,179.1,,MM,DEMO
319,2020-11-23 13:17:57.965000,2020-11-23 13:17:57.965000,2020-11-23 13:17:57.993262,0.0,28.262,28.262,0.73302,0.73304,International Capital Markets Pty Ltd.,MT4,ZMQ,60,AUDUSD,1.0000000000065512e-05,0.0,0,1e-05,179.1,,,
320,2020-11-23 13:17:58.211000,2020-11-23 13:17:58.211000,2020-11-23 13:17:58.215262,0.0,4.262,4.262,0.73303,0.73304,International Capital Markets Pty Ltd.,MT4,ZMQ,60,AUDUSD,0.0,9.99999999995449e-06,0,1e-05,179.1,,,
321,2020-11-23 13:17:58.654000,2020-11-23 13:17:58.773000,2020-11-23 13:17:58.777264,119.0,4.264,123.264,1.18995,1.19007,OANDA DIVISION1,MT4,ZMQ,60,EURUSD,1.999999999990898e-05,1.0000000000065512e-05,1,0.00011,179.1,,MM,REAL
322,2020-11-23 13:17:58.765000,2020-11-23 13:17:58.884000,2020-11-23 13:17:58.888264,119.0,4.264,123.264,1.18995,1.19007,OANDA DIVISION1,MT4,ZMQ,60,EURUSD,0.0,0.0,0,0.00011,179.1,,MM,REAL
323,2020-11-23 13:17:59.052000,2020-11-23 13:17:59.171000,2020-11-23 13:17:59.175264,119.0,4.264,123.264,1.18996,1.19008,OANDA DIVISION1,MT4,ZMQ,60,EURUSD,1.0000000000065512e-05,9.999999999843467e-06,1,0.00011,179.1,,MM,REAL
324,2020-11-23 13:17:59.602000,2020-11-23 13:17:59.721000,2020-11-23 13:17:59.725289,119.0,4.289,123.289,1.18995,1.19007,OANDA DIVISION1,MT4,ZMQ,60,EURUSD,-1.0000000000065512e-05,-9.999999999843467e-06,-1,0.00011,179.1,,MM,REAL
325,2020-11-23 13:18:01.446000,2020-11-23 13:18:01.446000,2020-11-23 13:18:01.451801,0.0,5.801,5.801,0.73302,0.73304,International Capital Markets Pty Ltd.,MT4,ZMQ,60,AUDUSD,0.0,-9.99999999995449e-06,0,1e-05,179.1,,,
326,2020-11-23 13:18:02.248000,2020-11-23 13:18:02.248000,2020-11-23 13:18:02.253798,0.0,5.798,5.798,0.73303,0.73304,International Capital Markets Pty Ltd.,MT4,ZMQ,60,AUDUSD,0.0,9.99999999995449e-06,0,1e-05,179.1,,,
327,2020-11-23 13:18:05.303000,2020-11-23 13:18:05.422000,2020-11-23 13:18:05.426333,119.0,4.333,123.333,1.18995,1.19005,OANDA DIVISION1,MT4,ZMQ,60,EURUSD,-1.999999999990898e-05,0.0,0,0.00011,179.1,,MM,REAL
328,2020-11-23 13:18:05.490000,2020-11-23 13:18:05.609000,2020-11-23 13:18:05.614333,119.0,5.333,124.333,1.18995,1.19005,OANDA DIVISION1,MT4,ZMQ,60,EURUSD,0.0,0.0,0,0.00011,179.1,,MM,REAL
329,2020-11-23 13:18:05.845000,2020-11-23 13:18:05.845000,2020-11-23 13:18:05.849332,0.0,4.332,4.332,0.73304,0.73304,International Capital Markets Pty Ltd.,MT4,ZMQ,60,AUDUSD,0.0,1.0000000000065512e-05,0,1e-05,179.1,,,
330,2020-11-23 13:18:06.131000,2020-11-23 13:18:06.131000,2020-11-23 13:18:06.135331,0.0,4.331,4.331,0.73303,0.73303,International Capital Markets Pty Ltd.,MT4,ZMQ,60,AUDUSD,-1.0000000000065512e-05,-1.0000000000065512e-05,-1,1e-05,179.1,,,
331,2020-11-23 13:18:06.163000,2020-11-23 13:18:06.163000,2020-11-23 13:18:06.190333,0.0,27.333,27.333,0.73303,0.73303,International Capital Markets Pty Ltd.,MT4,ZMQ,60,AUDUSD,0.0,0.0,0,1e-05,179.1,,,
332,2020-11-23 13:18:06.573000,2020-11-23 13:18:06.573000,2020-11-23 13:18:06.577333,0.0,4.333,4.333,0.73303,0.73304,International Capital Markets Pty Ltd.,MT4,ZMQ,60,AUDUSD,1.0000000000065512e-05,0.0,0,1e-05,179.1,,,
333,2020-11-23 13:18:09.616000,2020-11-23 13:18:09.735000,2020-11-23 13:18:09.740332,119.0,5.332,124.332,1.18996,1.19007,OANDA DIVISION1,MT4,ZMQ,60,EURUSD,1.999999999990898e-05,9.999999999843467e-06,1,0.00011,179.1,,MM,REAL
334,2020-11-23 13:18:09.860000,2020-11-23 13:18:09.860000,2020-11-23 13:18:09.864357,0.0,4.357,4.357,1.18996,1.19012,Dom Maklerski Banku Ochrony Srodowiska S.A.,MT4,ZMQ,60,EURUSD,4.0000000000040004e-05,3.999999999981796e-05,1,0.00016,179.1,,MM,DEMO
335,2020-11-23 13:18:09.793000,2020-11-23 13:18:09.912000,2020-11-23 13:18:09.919358,119.0,7.358,126.358,1.18998,1.19011,OANDA DIVISION1,MT4,ZMQ,60,EURUSD,4.0000000000040004e-05,2.0000000000131024e-05,1,0.00011,179.1,,MM,REAL
336,2020-11-23 13:18:10.214000,2020-11-23 13:18:10.214000,2020-11-23 13:18:10.218333,0.0,4.333,4.333,0.73304,0.73304,International Capital Markets Pty Ltd.,MT4,ZMQ,60,AUDUSD,0.0,1.0000000000065512e-05,0,1e-05,179.1,,,
337,2020-11-23 13:18:10.314000,2020-11-23 13:18:10.433000,2020-11-23 13:18:10.438332,119.0,5.332,124.332,1.18998,1.19009,OANDA DIVISION1,MT4,ZMQ,60,EURUSD,-1.999999999990898e-05,0.0,0,0.00011,179.1,,MM,REAL
338,2020-11-23 13:18:10.675000,2020-11-23 13:18:10.675000,2020-11-23 13:18:10.679333,0.0,4.333,4.333,0.73303,0.73304,International Capital Markets Pty Ltd.,MT4,ZMQ,60,AUDUSD,0.0,-1.0000000000065512e-05,0,1e-05,179.1,,,
339,2020-11-23 13:18:11.187000,2020-11-23 13:18:11.306000,2020-11-23 13:18:11.310333,119.0,4.333,123.333,1.18999,1.1901,OANDA DIVISION1,MT4,ZMQ,60,EURUSD,9.999999999843467e-06,1.0000000000065512e-05,1,0.00011,179.1,,MM,REAL
340,2020-11-23 13:18:11.321000,2020-11-23 13:18:11.321000,2020-11-23 13:18:11.365333,0.0,44.333,44.333,0.73304,0.73304,International Capital Markets Pty Ltd.,MT4,ZMQ,60,AUDUSD,0.0,1.0000000000065512e-05,0,1e-05,179.1,,,
341,2020-11-23 13:18:11.671000,2020-11-23 13:18:11.671000,2020-11-23 13:18:11.675333,0.0,4.333,4.333,0.73303,0.73304,International Capital Markets Pty Ltd.,MT4,ZMQ,60,AUDUSD,0.0,-1.0000000000065512e-05,0,1e-05,179.1,,,
342,2020-11-23 13:18:11.872000,2020-11-23 13:18:11.872000,2020-11-23 13:18:11.876333,0.0,4.333,4.333,0.73304,0.73304,International Capital Markets Pty Ltd.,MT4,ZMQ,60,AUDUSD,0.0,1.0000000000065512e-05,0,1e-05,179.1,,,
343,2020-11-23 13:18:12.157000,2020-11-23 13:18:12.157000,2020-11-23 13:18:12.161333,0.0,4.333,4.333,0.73303,0.73304,International Capital Markets Pty Ltd.,MT4,ZMQ,60,AUDUSD,0.0,-1.0000000000065512e-05,0,1e-05,179.1,,,
344,2020-11-23 13:18:12.811000,2020-11-23 13:18:12.811000,2020-11-23 13:18:12.815358,0.0,4.358,4.358,0.73304,0.73304,International Capital Markets Pty Ltd.,MT4,ZMQ,60,AUDUSD,0.0,1.0000000000065512e-05,0,1e-05,179.1,,,
345,2020-11-23 13:18:13.004000,2020-11-23 13:18:13.123000,2020-11-23 13:18:13.127333,119.0,4.333,123.333,1.18998,1.19009,OANDA DIVISION1,MT4,ZMQ,60,EURUSD,-9.999999999843467e-06,-1.0000000000065512e-05,-1,0.00011,179.1,,MM,REAL
346,2020-11-23 13:18:13.333000,2020-11-23 13:18:13.333000,2020-11-23 13:18:13.337357,0.0,4.357,4.357,0.73305,0.73307,International Capital Markets Pty Ltd.,MT4,ZMQ,60,AUDUSD,2.999999999997449e-05,9.99999999995449e-06,1,1e-05,179.1,,,
347,2020-11-23 13:18:13.364000,2020-11-23 13:18:13.364000,2020-11-23 13:18:13.390333,0.0,26.333,26.333,0.73305,0.73306,International Capital Markets Pty Ltd.,MT4,ZMQ,60,AUDUSD,-9.99999999995449e-06,0.0,0,1e-05,179.1,,,
348,2020-11-23 13:18:13.244000,2020-11-23 13:18:13.363000,2020-11-23 13:18:13.443333,119.0,80.333,199.333,1.18997,1.19008,OANDA DIVISION1,MT4,ZMQ,60,EURUSD,-1.0000000000065512e-05,-1.0000000000065512e-05,-1,0.00011,179.1,,MM,REAL
349,2020-11-23 13:18:13.369000,2020-11-23 13:18:13.488000,2020-11-23 13:18:13.498332,119.0,10.332,129.332,1.18998,1.19009,OANDA DIVISION1,MT4,ZMQ,60,EURUSD,1.0000000000065512e-05,1.0000000000065512e-05,1,0.00011,179.1,,MM,REAL
350,2020-11-23 13:18:14.507000,2020-11-23 13:18:14.626000,2020-11-23 13:18:14.630332,119.0,4.332,123.332,1.18997,1.19008,OANDA DIVISION1,MT4,ZMQ,60,EURUSD,-1.0000000000065512e-05,-1.0000000000065512e-05,-1,0.00011,179.1,,MM,REAL
351,2020-11-23 13:18:14.599000,2020-11-23 13:18:14.718000,2020-11-23 13:18:14.722358,119.0,4.358,123.358,1.18994,1.19007,OANDA DIVISION1,MT4,ZMQ,60,EURUSD,-1.0000000000065512e-05,-2.999999999997449e-05,-1,0.00011,179.1,,MM,REAL
352,2020-11-23 13:18:14.724000,2020-11-23 13:18:14.843000,2020-11-23 13:18:14.847516,119.0,4.516,123.516,1.18993,1.19006,OANDA DIVISION1,MT4,ZMQ,60,EURUSD,-1.0000000000065512e-05,-1.0000000000065512e-05,-1,0.00011,179.1,,MM,REAL
353,2020-11-23 13:18:14.906000,2020-11-23 13:18:14.906000,2020-11-23 13:18:14.911543,0.0,5.543,5.543,1.18992,1.19008,Dom Maklerski Banku Ochrony Srodowiska S.A.,MT4,ZMQ,60,EURUSD,-4.0000000000040004e-05,-3.999999999981796e-05,-1,0.00016,179.1,,MM,DEMO
354,2020-11-23 13:18:15.144000,2020-11-23 13:18:15.144000,2020-11-23 13:18:15.148516,0.0,4.516,4.516,0.73305,0.73305,International Capital Markets Pty Ltd.,MT4,ZMQ,60,AUDUSD,-1.0000000000065512e-05,0.0,0,1e-05,179.1,,,
355,2020-11-23 13:18:15.116000,2020-11-23 13:18:15.235000,2020-11-23 13:18:15.239515,119.0,4.515,123.515,1.18993,1.19003,OANDA DIVISION1,MT4,ZMQ,60,EURUSD,-2.999999999997449e-05,0.0,0,0.00011,179.1,,MM,REAL
356,2020-11-23 13:18:19.946000,2020-11-23 13:18:19.946000,2020-11-23 13:18:19.950106,0.0,4.106,4.106,1.18986,1.19002,Dom Maklerski Banku Ochrony Srodowiska S.A.,MT4,ZMQ,60,EURUSD,-5.999999999994898e-05,-6.000000000017103e-05,-1,0.00016,179.1,,MM,DEMO
357,2020-11-23 13:18:19.861000,2020-11-23 13:18:19.980000,2020-11-23 13:18:20.004109,119.0,24.109,143.109,1.1899,1.19003,OANDA DIVISION1,MT4,ZMQ,60,EURUSD,0.0,-2.999999999997449e-05,0,0.00011,179.1,,MM,REAL
358,2020-11-23 13:18:20.224000,2020-11-23 13:18:20.343000,2020-11-23 13:18:20.348079,119.0,5.079,124.079,1.1899,1.19001,OANDA DIVISION1,MT4,ZMQ,60,EURUSD,-1.999999999990898e-05,0.0,0,0.00011,179.1,,MM,REAL
359,2020-11-23 13:18:22.503000,2020-11-23 13:18:22.622000,2020-11-23 13:18:22.627645,119.0,5.645,124.645,1.1899,1.19003,OANDA DIVISION1,MT4,ZMQ,60,EURUSD,1.999999999990898e-05,0.0,0,0.00011,179.1,,MM,REAL
360,2020-11-23 13:18:22.739000,2020-11-23 13:18:22.858000,2020-11-23 13:18:22.862644,119.0,4.644,123.644,1.18991,1.19004,OANDA DIVISION1,MT4,ZMQ,60,EURUSD,1.0000000000065512e-05,1.0000000000065512e-05,1,0.00011,179.1,,MM,REAL
361,2020-11-23 13:18:23.243000,2020-11-23 13:18:23.243000,2020-11-23 13:18:23.247669,0.0,4.669,4.669,0.73305,0.73306,International Capital Markets Pty Ltd.,MT4,ZMQ,60,AUDUSD,1.0000000000065512e-05,0.0,0,1e-05,179.1,,,
362,2020-11-23 13:18:23.955000,2020-11-23 13:18:23.955000,2020-11-23 13:18:23.959645,0.0,4.645,4.645,0.73305,0.73305,International Capital Markets Pty Ltd.,MT4,ZMQ,60,AUDUSD,-1.0000000000065512e-05,0.0,0,1e-05,179.1,,,
363,2020-11-23 13:18:27.025000,2020-11-23 13:18:27.144000,2020-11-23 13:18:27.148151,119.0,4.151,123.151,1.18993,1.19004,OANDA DIVISION1,MT4,ZMQ,60,EURUSD,0.0,1.999999999990898e-05,0,0.00011,179.1,,MM,REAL
364,2020-11-23 13:18:27.236000,2020-11-23 13:18:27.236000,2020-11-23 13:18:27.240153,0.0,4.153,4.153,1.18991,1.19007,Dom Maklerski Banku Ochrony Srodowiska S.A.,MT4,ZMQ,60,EURUSD,4.999999999988347e-05,5.0000000000105516e-05,1,0.00016,179.1,,MM,DEMO
365,2020-11-23 13:18:27.284000,2020-11-23 13:18:27.284000,2020-11-23 13:18:27.294152,0.0,10.152,10.152,1.18987,1.19003,Dom Maklerski Banku Ochrony Srodowiska S.A.,MT4,ZMQ,60,EURUSD,-4.0000000000040004e-05,-4.0000000000040004e-05,-1,0.00016,179.1,,MM,DEMO
366,2020-11-23 13:18:27.333000,2020-11-23 13:18:27.333000,2020-11-23 13:18:27.348176,0.0,15.176,15.176,1.18991,1.19007,Dom Maklerski Banku Ochrony Srodowiska S.A.,MT4,ZMQ,60,EURUSD,4.0000000000040004e-05,4.0000000000040004e-05,1,0.00016,179.1,,MM,DEMO
367,2020-11-23 13:18:27.428000,2020-11-23 13:18:27.428000,2020-11-23 13:18:27.433151,0.0,5.151,5.151,1.18986,1.19002,Dom Maklerski Banku Ochrony Srodowiska S.A.,MT4,ZMQ,60,EURUSD,-4.999999999988347e-05,-5.0000000000105516e-05,-1,0.00016,179.1,,MM,DEMO
368,2020-11-23 13:18:27.444000,2020-11-23 13:18:27.444000,2020-11-23 13:18:27.487181,0.0,43.181,43.181,1.18992,1.19008,Dom Maklerski Banku Ochrony Srodowiska S.A.,MT4,ZMQ,60,EURUSD,5.999999999994898e-05,6.000000000017103e-05,1,0.00016,179.1,,MM,DEMO
369,2020-11-23 13:18:27.785000,2020-11-23 13:18:27.904000,2020-11-23 13:18:27.909176,119.0,5.176,124.176,1.18994,1.19005,OANDA DIVISION1,MT4,ZMQ,60,EURUSD,1.0000000000065512e-05,1.0000000000065512e-05,1,0.00011,179.1,,MM,REAL
370,2020-11-23 13:18:28.207000,2020-11-23 13:18:28.207000,2020-11-23 13:18:28.211151,0.0,4.151,4.151,0.73305,0.73306,International Capital Markets Pty Ltd.,MT4,ZMQ,60,AUDUSD,1.0000000000065512e-05,0.0,0,1e-05,179.1,,,
371,2020-11-23 13:18:28.273000,2020-11-23 13:18:28.392000,2020-11-23 13:18:28.396152,119.0,4.152,123.152,1.18996,1.19007,OANDA DIVISION1,MT4,ZMQ,60,EURUSD,1.999999999990898e-05,1.999999999990898e-05,1,0.00011,179.1,,MM,REAL
372,2020-11-23 13:18:28.542000,2020-11-23 13:18:28.661000,2020-11-23 13:18:28.665152,119.0,4.152,123.152,1.18996,1.19007,OANDA DIVISION1,MT4,ZMQ,60,EURUSD,0.0,0.0,0,0.00011,179.1,,MM,REAL
373,2020-11-23 13:18:28.603000,2020-11-23 13:18:28.722000,2020-11-23 13:18:28.726152,119.0,4.152,123.152,1.18993,1.19006,OANDA DIVISION1,MT4,ZMQ,60,EURUSD,-1.0000000000065512e-05,-2.999999999997449e-05,-1,0.00011,179.1,,MM,REAL
374,2020-11-23 13:18:28.779000,2020-11-23 13:18:28.898000,2020-11-23 13:18:28.903152,119.0,5.152,124.152,1.18995,1.19007,OANDA DIVISION1,MT4,ZMQ,60,EURUSD,1.0000000000065512e-05,2.0000000000131024e-05,1,0.00011,179.1,,MM,REAL
375,2020-11-23 13:18:28.978000,2020-11-23 13:18:28.978000,2020-11-23 13:18:28.982152,0.0,4.152,4.152,1.18997,1.19013,Dom Maklerski Banku Ochrony Srodowiska S.A.,MT4,ZMQ,60,EURUSD,4.999999999988347e-05,4.999999999988347e-05,1,0.00016,179.1,,MM,DEMO
376,2020-11-23 13:18:29.042000,2020-11-23 13:18:29.161000,2020-11-23 13:18:29.166151,119.0,5.151,124.151,1.18995,1.1901,OANDA DIVISION1,MT4,ZMQ,60,EURUSD,2.999999999997449e-05,0.0,0,0.00011,179.1,,MM,REAL
377,2020-11-23 13:18:29.477000,2020-11-23 13:18:29.596000,2020-11-23 13:18:29.600178,119.0,4.178,123.178,1.18998,1.19009,OANDA DIVISION1,MT4,ZMQ,60,EURUSD,-9.999999999843467e-06,2.999999999997449e-05,0,0.00011,179.1,,MM,REAL
378,2020-11-23 13:18:29.745000,2020-11-23 13:18:29.745000,2020-11-23 13:18:29.749182,0.0,4.182,4.182,0.73306,0.73306,International Capital Markets Pty Ltd.,MT4,ZMQ,60,AUDUSD,0.0,1.0000000000065512e-05,0,1e-05,179.1,,,
379,2020-11-23 13:18:29.702000,2020-11-23 13:18:29.821000,2020-11-23 13:18:29.825151,119.0,4.151,123.151,1.18998,1.19011,OANDA DIVISION1,MT4,ZMQ,60,EURUSD,1.999999999990898e-05,0.0,0,0.00011,179.1,,MM,REAL
380,2020-11-23 13:18:29.840000,2020-11-23 13:18:29.840000,2020-11-23 13:18:29.882152,0.0,42.152,42.152,0.73307,0.73307,International Capital Markets Pty Ltd.,MT4,ZMQ,60,AUDUSD,9.99999999995449e-06,9.99999999995449e-06,1,1e-05,179.1,,,
381,2020-11-23 13:18:29.998000,2020-11-23 13:18:29.998000,2020-11-23 13:18:30.002153,0.0,4.153,4.153,0.73308,0.7331,International Capital Markets Pty Ltd.,MT4,ZMQ,60,AUDUSD,2.999999999997449e-05,9.99999999995449e-06,1,1e-05,179.1,,,
382,2020-11-23 13:18:29.999000,2020-11-23 13:18:30.118000,2020-11-23 13:18:30.136152,119.0,18.152,137.152,1.19,1.19011,OANDA DIVISION1,MT4,ZMQ,60,EURUSD,0.0,1.999999999990898e-05,0,0.00011,179.1,,MM,REAL
383,2020-11-23 13:18:30.181000,2020-11-23 13:18:30.181000,2020-11-23 13:18:30.192151,0.0,11.151,11.151,0.73309,0.73311,International Capital Markets Pty Ltd.,MT4,ZMQ,60,AUDUSD,1.0000000000065512e-05,1.0000000000065512e-05,1,1e-05,179.1,,,
384,2020-11-23 13:18:30.202000,2020-11-23 13:18:30.202000,2020-11-23 13:18:30.245152,0.0,43.152,43.152,0.73311,0.73311,International Capital Markets Pty Ltd.,MT4,ZMQ,60,AUDUSD,0.0,2.0000000000020002e-05,0,1e-05,179.1,,,
385,2020-11-23 13:18:30.428000,2020-11-23 13:18:30.428000,2020-11-23 13:18:30.432177,0.0,4.177,4.177,0.73312,0.73312,International Capital Markets Pty Ltd.,MT4,ZMQ,60,AUDUSD,9.99999999995449e-06,9.99999999995449e-06,1,1e-05,179.1,,,
386,2020-11-23 13:18:30.779000,2020-11-23 13:18:30.898000,2020-11-23 13:18:30.902152,119.0,4.152,123.152,1.18999,1.1901,OANDA DIVISION1,MT4,ZMQ,60,EURUSD,-1.0000000000065512e-05,-9.999999999843467e-06,-1,0.00011,179.1,,MM,REAL
387,2020-11-23 13:18:31.112000,2020-11-23 13:18:31.231000,2020-11-23 13:18:31.235152,119.0,4.152,123.152,1.19,1.19011,OANDA DIVISION1,MT4,ZMQ,60,EURUSD,1.0000000000065512e-05,9.999999999843467e-06,1,0.00011,179.1,,MM,REAL
388,2020-11-23 13:18:31.713000,2020-11-23 13:18:31.713000,2020-11-23 13:18:31.717548,0.0,4.548,4.548,0.73311,0.73312,International Capital Markets Pty Ltd.,MT4,ZMQ,60,AUDUSD,0.0,-9.99999999995449e-06,0,1e-05,179.1,,,
389,2020-11-23 13:18:32.582000,2020-11-23 13:18:32.582000,2020-11-23 13:18:32.586550,0.0,4.55,4.55,0.73312,0.73313,International Capital Markets Pty Ltd.,MT4,ZMQ,60,AUDUSD,9.99999999995449e-06,9.99999999995449e-06,1,1e-05,179.1,,,
390,2020-11-23 13:18:32.627000,2020-11-23 13:18:32.627000,2020-11-23 13:18:32.637548,0.0,10.548,10.548,0.73312,0.73312,International Capital Markets Pty Ltd.,MT4,ZMQ,60,AUDUSD,-9.99999999995449e-06,0.0,0,1e-05,179.1,,,
391,2020-11-23 13:18:32.852000,2020-11-23 13:18:32.852000,2020-11-23 13:18:32.857113,0.0,5.113,5.113,0.73312,0.73313,International Capital Markets Pty Ltd.,MT4,ZMQ,60,AUDUSD,9.99999999995449e-06,0.0,0,1e-05,179.1,,,
392,2020-11-23 13:18:33.141000,2020-11-23 13:18:33.141000,2020-11-23 13:18:33.145113,0.0,4.113,4.113,0.73312,0.73312,International Capital Markets Pty Ltd.,MT4,ZMQ,60,AUDUSD,-9.99999999995449e-06,0.0,0,1e-05,179.1,,,
393,2020-11-23 13:18:33.068000,2020-11-23 13:18:33.187000,2020-11-23 13:18:33.197113,119.0,10.113,129.113,1.19001,1.19012,OANDA DIVISION1,MT4,ZMQ,60,EURUSD,1.0000000000065512e-05,1.0000000000065512e-05,1,0.00011,179.1,,MM,REAL
394,2020-11-23 13:18:33.242000,2020-11-23 13:18:33.361000,2020-11-23 13:18:33.366113,119.0,5.113,124.113,1.19001,1.19012,OANDA DIVISION1,MT4,ZMQ,60,EURUSD,0.0,0.0,0,0.00011,179.1,,MM,REAL
395,2020-11-23 13:18:33.581000,2020-11-23 13:18:33.581000,2020-11-23 13:18:33.586113,0.0,5.113,5.113,0.73312,0.73313,International Capital Markets Pty Ltd.,MT4,ZMQ,60,AUDUSD,9.99999999995449e-06,0.0,0,1e-05,179.1,,,
396,2020-11-23 13:18:34.577000,2020-11-23 13:18:34.577000,2020-11-23 13:18:34.581111,0.0,4.111,4.111,0.73315,0.73315,International Capital Markets Pty Ltd.,MT4,ZMQ,60,AUDUSD,2.0000000000020002e-05,2.999999999997449e-05,1,1e-05,179.1,,,
397,2020-11-23 13:18:35.322000,2020-11-23 13:18:35.322000,2020-11-23 13:18:35.326136,0.0,4.136,4.136,1.19002,1.19018,Dom Maklerski Banku Ochrony Srodowiska S.A.,MT4,ZMQ,60,EURUSD,5.0000000000105516e-05,5.0000000000105516e-05,1,0.00016,179.1,,MM,DEMO
398,2020-11-23 13:18:35.357000,2020-11-23 13:18:35.357000,2020-11-23 13:18:35.380136,0.0,23.136,23.136,1.18997,1.19013,Dom Maklerski Banku Ochrony Srodowiska S.A.,MT4,ZMQ,60,EURUSD,-5.0000000000105516e-05,-5.0000000000105516e-05,-1,0.00016,179.1,,MM,DEMO
399,2020-11-23 13:18:35.408000,2020-11-23 13:18:35.408000,2020-11-23 13:18:35.437114,0.0,29.114,29.114,1.19003,1.19019,Dom Maklerski Banku Ochrony Srodowiska S.A.,MT4,ZMQ,60,EURUSD,6.000000000017103e-05,5.999999999994898e-05,1,0.00016,179.1,,MM,DEMO
400,2020-11-23 13:18:35.434000,2020-11-23 13:18:35.434000,2020-11-23 13:18:35.504113,0.0,70.113,70.113,1.18998,1.19014,Dom Maklerski Banku Ochrony Srodowiska S.A.,MT4,ZMQ,60,EURUSD,-5.0000000000105516e-05,-4.999999999988347e-05,-1,0.00016,179.1,,MM,DEMO
401,2020-11-23 13:18:35.374000,2020-11-23 13:18:35.374000,2020-11-23 13:18:35.558113,0.0,184.113,184.113,0.73314,0.73314,International Capital Markets Pty Ltd.,MT4,ZMQ,60,AUDUSD,-9.99999999995449e-06,-9.99999999995449e-06,-1,1e-05,179.1,,,
402,2020-11-23 13:18:35.299000,2020-11-23 13:18:35.418000,2020-11-23 13:18:35.610113,119.0,192.113,311.113,1.18999,1.19011,OANDA DIVISION1,MT4,ZMQ,60,EURUSD,-1.0000000000065512e-05,-1.999999999990898e-05,-1,0.00011,179.1,,MM,REAL
403,2020-11-23 13:18:35.567000,2020-11-23 13:18:35.686000,2020-11-23 13:18:35.691113,119.0,5.113,124.113,1.19,1.19013,OANDA DIVISION1,MT4,ZMQ,60,EURUSD,1.999999999990898e-05,9.999999999843467e-06,1,0.00011,179.1,,MM,REAL
404,2020-11-23 13:18:35.714000,2020-11-23 13:18:35.714000,2020-11-23 13:18:35.748113,0.0,34.113,34.113,0.73313,0.73313,International Capital Markets Pty Ltd.,MT4,ZMQ,60,AUDUSD,-1.0000000000065512e-05,-1.0000000000065512e-05,-1,1e-05,179.1,,,
405,2020-11-23 13:18:35.737000,2020-11-23 13:18:35.737000,2020-11-23 13:18:35.801138,0.0,64.138,64.138,0.73312,0.73313,International Capital Markets Pty Ltd.,MT4,ZMQ,60,AUDUSD,0.0,-9.99999999995449e-06,0,1e-05,179.1,,,
406,2020-11-23 13:18:36.056000,2020-11-23 13:18:36.175000,2020-11-23 13:18:36.181115,119.0,6.115,125.115,1.18999,1.1901,OANDA DIVISION1,MT4,ZMQ,60,EURUSD,-2.999999999997449e-05,-9.999999999843467e-06,-1,0.00011,179.1,,MM,REAL
407,2020-11-23 13:18:36.401000,2020-11-23 13:18:36.401000,2020-11-23 13:18:36.405111,0.0,4.111,4.111,0.73312,0.73312,International Capital Markets Pty Ltd.,MT4,ZMQ,60,AUDUSD,-9.99999999995449e-06,0.0,0,1e-05,179.1,,,
408,2020-11-23 13:18:36.538000,2020-11-23 13:18:36.657000,2020-11-23 13:18:36.661112,119.0,4.112,123.112,1.18997,1.19009,OANDA DIVISION1,MT4,ZMQ,60,EURUSD,-9.999999999843467e-06,-2.0000000000131024e-05,-1,0.00011,179.1,,MM,REAL
409,2020-11-23 13:18:36.627000,2020-11-23 13:18:36.746000,2020-11-23 13:18:36.751627,119.0,5.627,124.627,1.18996,1.19008,OANDA DIVISION1,MT4,ZMQ,60,EURUSD,-1.0000000000065512e-05,-1.0000000000065512e-05,-1,0.00011,179.1,,MM,REAL
410,2020-11-23 13:18:36.739000,2020-11-23 13:18:36.858000,2020-11-23 13:18:36.862626,119.0,4.626,123.626,1.18995,1.19007,OANDA DIVISION1,MT4,ZMQ,60,EURUSD,-1.0000000000065512e-05,-9.999999999843467e-06,-1,0.00011,179.1,,MM,REAL
411,2020-11-23 13:18:37.126000,2020-11-23 13:18:37.126000,2020-11-23 13:18:37.130627,0.0,4.627,4.627,0.73311,0.73311,International Capital Markets Pty Ltd.,MT4,ZMQ,60,AUDUSD,-9.99999999995449e-06,-9.99999999995449e-06,-1,1e-05,179.1,,,
412,2020-11-23 13:18:37.174000,2020-11-23 13:18:37.174000,2020-11-23 13:18:37.183653,0.0,9.653,9.653,0.7331,0.73311,International Capital Markets Pty Ltd.,MT4,ZMQ,60,AUDUSD,0.0,-1.0000000000065512e-05,0,1e-05,179.1,,,
413,2020-11-23 13:18:37.207000,2020-11-23 13:18:37.207000,2020-11-23 13:18:37.235653,0.0,28.653,28.653,0.73311,0.73311,International Capital Markets Pty Ltd.,MT4,ZMQ,60,AUDUSD,0.0,1.0000000000065512e-05,0,1e-05,179.1,,,
414,2020-11-23 13:18:38.554000,2020-11-23 13:18:38.554000,2020-11-23 13:18:38.558626,0.0,4.626,4.626,0.7331,0.73311,International Capital Markets Pty Ltd.,MT4,ZMQ,60,AUDUSD,0.0,-1.0000000000065512e-05,0,1e-05,179.1,,,
415,2020-11-23 13:18:38.597000,2020-11-23 13:18:38.597000,2020-11-23 13:18:38.610627,0.0,13.627,13.627,0.73311,0.73311,International Capital Markets Pty Ltd.,MT4,ZMQ,60,AUDUSD,0.0,1.0000000000065512e-05,0,1e-05,179.1,,,
416,2020-11-23 13:18:38.865000,2020-11-23 13:18:38.865000,2020-11-23 13:18:38.869657,0.0,4.657,4.657,1.18993,1.19009,Dom Maklerski Banku Ochrony Srodowiska S.A.,MT4,ZMQ,60,EURUSD,-4.999999999988347e-05,-5.0000000000105516e-05,-1,0.00016,179.1,,MM,DEMO
417,2020-11-23 13:18:38.881000,2020-11-23 13:18:38.881000,2020-11-23 13:18:38.923657,0.0,42.657,42.657,1.18998,1.19014,Dom Maklerski Banku Ochrony Srodowiska S.A.,MT4,ZMQ,60,EURUSD,4.999999999988347e-05,5.0000000000105516e-05,1,0.00016,179.1,,MM,DEMO
418,2020-11-23 13:18:39.398000,2020-11-23 13:18:39.517000,2020-11-23 13:18:39.521627,119.0,4.627,123.627,1.18996,1.19009,OANDA DIVISION1,MT4,ZMQ,60,EURUSD,2.0000000000131024e-05,9.999999999843467e-06,1,0.00011,179.1,,MM,REAL
419,2020-11-23 13:18:39.836000,2020-11-23 13:18:39.836000,2020-11-23 13:18:39.841625,0.0,5.625,5.625,0.7331,0.73311,International Capital Markets Pty Ltd.,MT4,ZMQ,60,AUDUSD,0.0,-1.0000000000065512e-05,0,1e-05,179.1,,,
420,2020-11-23 13:18:40.428000,2020-11-23 13:18:40.547000,2020-11-23 13:18:40.551627,119.0,4.627,123.627,1.18996,1.19007,OANDA DIVISION1,MT4,ZMQ,60,EURUSD,-2.0000000000131024e-05,0.0,0,0.00011,179.1,,MM,REAL
421,2020-11-23 13:18:40.653000,2020-11-23 13:18:40.772000,2020-11-23 13:18:40.776628,119.0,4.628,123.628,1.18994,1.19006,OANDA DIVISION1,MT4,ZMQ,60,EURUSD,-1.0000000000065512e-05,-1.999999999990898e-05,-1,0.00011,179.1,,MM,REAL
422,2020-11-23 13:18:40.851000,2020-11-23 13:18:40.851000,2020-11-23 13:18:40.855627,0.0,4.627,4.627,1.18992,1.19008,Dom Maklerski Banku Ochrony Srodowiska S.A.,MT4,ZMQ,60,EURUSD,-5.999999999994898e-05,-5.999999999994898e-05,-1,0.00016,179.1,,MM,DEMO
423,2020-11-23 13:18:40.748000,2020-11-23 13:18:40.867000,2020-11-23 13:18:40.912627,119.0,45.627,164.627,1.18993,1.19005,OANDA DIVISION1,MT4,ZMQ,60,EURUSD,-9.999999999843467e-06,-1.0000000000065512e-05,-1,0.00011,179.1,,MM,REAL
424,2020-11-23 13:18:41.739000,2020-11-23 13:18:41.739000,2020-11-23 13:18:41.743159,0.0,4.159,4.159,0.73311,0.73311,International Capital Markets Pty Ltd.,MT4,ZMQ,60,AUDUSD,0.0,1.0000000000065512e-05,0,1e-05,179.1,,,
425,2020-11-23 13:18:41.777000,2020-11-23 13:18:41.777000,2020-11-23 13:18:41.796157,0.0,19.157,19.157,0.7331,0.7331,International Capital Markets Pty Ltd.,MT4,ZMQ,60,AUDUSD,-1.0000000000065512e-05,-1.0000000000065512e-05,-1,1e-05,179.1,,,
426,2020-11-23 13:18:47.378000,2020-11-23 13:18:47.497000,2020-11-23 13:18:47.501133,119.0,4.133,123.133,1.18993,1.19003,OANDA DIVISION1,MT4,ZMQ,60,EURUSD,-2.0000000000131024e-05,0.0,0,0.00011,179.1,,MM,REAL
427,2020-11-23 13:18:47.554000,2020-11-23 13:18:47.673000,2020-11-23 13:18:47.677133,119.0,4.133,123.133,1.18994,1.19004,OANDA DIVISION1,MT4,ZMQ,60,EURUSD,1.0000000000065512e-05,1.0000000000065512e-05,1,0.00011,179.1,,MM,REAL
428,2020-11-23 13:18:47.726000,2020-11-23 13:18:47.726000,2020-11-23 13:18:47.732132,0.0,6.132,6.132,0.73309,0.73309,International Capital Markets Pty Ltd.,MT4,ZMQ,60,AUDUSD,-9.99999999995449e-06,-9.99999999995449e-06,-1,1e-05,179.1,,,
429,2020-11-23 13:18:47.836000,2020-11-23 13:18:47.836000,2020-11-23 13:18:47.841133,0.0,5.133,5.133,0.73306,0.73307,International Capital Markets Pty Ltd.,MT4,ZMQ,60,AUDUSD,-2.0000000000020002e-05,-2.999999999997449e-05,-1,1e-05,179.1,,,
430,2020-11-23 13:18:48.148000,2020-11-23 13:18:48.148000,2020-11-23 13:18:48.153133,0.0,5.133,5.133,0.73306,0.73307,International Capital Markets Pty Ltd.,MT4,ZMQ,60,AUDUSD,0.0,0.0,0,1e-05,179.1,,,
431,2020-11-23 13:18:48.756000,2020-11-23 13:18:48.875000,2020-11-23 13:18:48.880158,119.0,5.158,124.158,1.18995,1.19008,OANDA DIVISION1,MT4,ZMQ,60,EURUSD,4.0000000000040004e-05,1.0000000000065512e-05,1,0.00011,179.1,,MM,REAL
432,2020-11-23 13:18:48.771000,2020-11-23 13:18:48.890000,2020-11-23 13:18:48.934158,119.0,44.158,163.158,1.18995,1.19008,OANDA DIVISION1,MT4,ZMQ,60,EURUSD,0.0,0.0,0,0.00011,179.1,,MM,REAL
433,2020-11-23 13:18:49.221000,2020-11-23 13:18:49.221000,2020-11-23 13:18:49.226158,0.0,5.158,5.158,0.73306,0.73307,International Capital Markets Pty Ltd.,MT4,ZMQ,60,AUDUSD,0.0,0.0,0,1e-05,179.1,,,
434,2020-11-23 13:18:51.643000,2020-11-23 13:18:51.643000,2020-11-23 13:18:51.647131,0.0,4.131,4.131,1.18996,1.19012,Dom Maklerski Banku Ochrony Srodowiska S.A.,MT4,ZMQ,60,EURUSD,4.0000000000040004e-05,3.999999999981796e-05,1,0.00016,179.1,,MM,DEMO
435,2020-11-23 13:18:51.916000,2020-11-23 13:18:51.916000,2020-11-23 13:18:51.921133,0.0,5.133,5.133,1.18991,1.19007,Dom Maklerski Banku Ochrony Srodowiska S.A.,MT4,ZMQ,60,EURUSD,-5.0000000000105516e-05,-4.999999999988347e-05,-1,0.00016,179.1,,MM,DEMO
436,2020-11-23 13:18:51.860000,2020-11-23 13:18:51.979000,2020-11-23 13:18:51.984133,119.0,5.133,124.133,1.18995,1.19006,OANDA DIVISION1,MT4,ZMQ,60,EURUSD,-2.0000000000131024e-05,0.0,0,0.00011,179.1,,MM,REAL
437,2020-11-23 13:18:52.430000,2020-11-23 13:18:52.549000,2020-11-23 13:18:52.553133,119.0,4.133,123.133,1.18996,1.19008,OANDA DIVISION1,MT4,ZMQ,60,EURUSD,2.0000000000131024e-05,9.999999999843467e-06,1,0.00011,179.1,,MM,REAL
438,2020-11-23 13:18:52.681000,2020-11-23 13:18:52.681000,2020-11-23 13:18:52.685132,0.0,4.132,4.132,1.18998,1.19014,Dom Maklerski Banku Ochrony Srodowiska S.A.,MT4,ZMQ,60,EURUSD,7.00000000000145e-05,7.00000000000145e-05,1,0.00016,179.1,,MM,DEMO
439,2020-11-23 13:18:52.934000,2020-11-23 13:18:52.934000,2020-11-23 13:18:52.938157,0.0,4.157,4.157,0.73306,0.73308,International Capital Markets Pty Ltd.,MT4,ZMQ,60,AUDUSD,9.99999999995449e-06,0.0,0,1e-05,179.1,,,
440,2020-11-23 13:18:53.464000,2020-11-23 13:18:53.583000,2020-11-23 13:18:53.587663,119.0,4.663,123.663,1.18997,1.19009,OANDA DIVISION1,MT4,ZMQ,60,EURUSD,1.0000000000065512e-05,1.0000000000065512e-05,1,0.00011,179.1,,MM,REAL
441,2020-11-23 13:18:57.048000,2020-11-23 13:18:57.048000,2020-11-23 13:18:57.052642,0.0,4.642,4.642,0.73307,0.73308,International Capital Markets Pty Ltd.,MT4,ZMQ,60,AUDUSD,0.0,9.99999999995449e-06,0,1e-05,179.1,,,
442,2020-11-23 13:18:58.990000,2020-11-23 13:18:58.990000,2020-11-23 13:18:58.994173,0.0,4.173,4.173,0.73308,0.73309,International Capital Markets Pty Ltd.,MT4,ZMQ,60,AUDUSD,1.0000000000065512e-05,9.99999999995449e-06,1,1e-05,179.1,,,
443,2020-11-23 13:18:59.574000,2020-11-23 13:18:59.574000,2020-11-23 13:18:59.578148,0.0,4.148,4.148,0.73309,0.73309,International Capital Markets Pty Ltd.,MT4,ZMQ,60,AUDUSD,0.0,1.0000000000065512e-05,0,1e-05,179.1,,,
