,Creation Time,Terminal Time,Current Time,X,Y,Z,Bid,Ask,TypeBroker,BrokerName,DR,Terminal,Protocol,Symbol
0,2020-10-19 05:33:52.902000,2020-10-19 05:33:53.026000,2020-10-19 05:34:09.012016,124.0,15986.016,16110.016,1.171,1.17114,MM,OANDA DIVISION1,REAL,MT4,ZMQ,EURUSD
1,2020-10-19 05:33:53.059000,2020-10-19 05:33:53.183000,2020-10-19 05:34:09.041016,124.0,15858.016,15982.016,1.171,1.17114,MM,OANDA DIVISION1,REAL,MT4,ZMQ,EURUSD
2,2020-10-19 05:33:53.117000,2020-10-19 05:33:53.241000,2020-10-19 05:36:42.278583,124.0,169037.583,169161.583,1.171,1.17114,MM,OANDA DIVISION1,REAL,MT4,ZMQ,EURUSD
3,2020-10-19 05:33:53.229000,2020-10-19 05:33:53.353000,2020-10-19 05:36:46.618564,124.0,173265.564,173389.564,1.171,1.17114,MM,OANDA DIVISION1,REAL,MT4,ZMQ,EURUSD
4,2020-10-19 05:33:53.336000,2020-10-19 05:33:53.460000,2020-10-19 05:36:51.174484,124.0,177714.484,177838.484,1.171,1.17114,MM,OANDA DIVISION1,REAL,MT4,ZMQ,EURUSD
5,2020-10-19 05:33:53.447000,2020-10-19 05:33:53.571000,2020-10-19 05:37:02.531095,124.0,188960.095,189084.095,1.171,1.17114,MM,OANDA DIVISION1,REAL,MT4,ZMQ,EURUSD
6,2020-10-19 05:33:53.555000,2020-10-19 05:33:53.679000,2020-10-19 05:37:02.562094,124.0,188883.094,189007.094,1.171,1.17114,MM,OANDA DIVISION1,REAL,MT4,ZMQ,EURUSD
7,2020-10-19 05:33:53.664000,2020-10-19 05:33:53.788000,2020-10-19 05:37:02.594098,124.0,188806.098,188930.098,1.171,1.17114,MM,OANDA DIVISION1,REAL,MT4,ZMQ,EURUSD
8,2020-10-19 05:33:53.775000,2020-10-19 05:33:53.899000,2020-10-19 05:37:02.627126,124.0,188728.126,188852.126,1.171,1.17114,MM,OANDA DIVISION1,REAL,MT4,ZMQ,EURUSD
9,2020-10-19 05:33:53.882600,2020-10-19 05:33:54.006600,2020-10-19 05:37:02.660102,124.0,188653.502,188777.502,1.171,1.17114,MM,OANDA DIVISION1,REAL,MT4,ZMQ,EURUSD
10,2020-10-19 05:33:53.994000,2020-10-19 05:33:54.118000,2020-10-19 05:37:02.693103,124.0,188575.103,188699.103,1.171,1.17114,MM,OANDA DIVISION1,REAL,MT4,ZMQ,EURUSD
11,2020-10-19 05:33:54.101000,2020-10-19 05:33:54.225000,2020-10-19 05:37:02.727678,124.0,188502.678,188626.678,1.171,1.17114,MM,OANDA DIVISION1,REAL,MT4,ZMQ,EURUSD
12,2020-10-19 05:33:54.213000,2020-10-19 05:33:54.337000,2020-10-19 05:37:02.761680,124.0,188424.68,188548.68,1.171,1.17114,MM,OANDA DIVISION1,REAL,MT4,ZMQ,EURUSD
13,2020-10-19 05:33:54.334000,2020-10-19 05:33:54.458000,2020-10-19 05:37:02.795679,124.0,188337.679,188461.679,1.171,1.17114,MM,OANDA DIVISION1,REAL,MT4,ZMQ,EURUSD
14,2020-10-19 05:33:54.432000,2020-10-19 05:33:54.556000,2020-10-19 05:37:02.828679,124.0,188272.679,188396.679,1.171,1.17114,MM,OANDA DIVISION1,REAL,MT4,ZMQ,EURUSD
15,2020-10-19 05:33:54.542000,2020-10-19 05:33:54.666000,2020-10-19 05:37:02.861703,124.0,188195.703,188319.703,1.171,1.17114,MM,OANDA DIVISION1,REAL,MT4,ZMQ,EURUSD
16,2020-10-19 05:33:54.650000,2020-10-19 05:33:54.774000,2020-10-19 05:37:02.894704,124.0,188120.704,188244.704,1.171,1.17114,MM,OANDA DIVISION1,REAL,MT4,ZMQ,EURUSD
17,2020-10-19 05:33:54.759000,2020-10-19 05:33:54.883000,2020-10-19 05:37:02.927704,124.0,188044.704,188168.704,1.171,1.17114,MM,OANDA DIVISION1,REAL,MT4,ZMQ,EURUSD
18,2020-10-19 05:33:54.869000,2020-10-19 05:33:54.993000,2020-10-19 05:37:02.961678,124.0,187968.678,188092.678,1.171,1.17114,MM,OANDA DIVISION1,REAL,MT4,ZMQ,EURUSD
19,2020-10-19 05:33:54.976000,2020-10-19 05:33:55.100000,2020-10-19 05:37:02.995679,124.0,187895.679,188019.679,1.171,1.17114,MM,OANDA DIVISION1,REAL,MT4,ZMQ,EURUSD
20,2020-10-19 05:33:55.096000,2020-10-19 05:33:55.220000,2020-10-19 05:37:03.028679,124.0,187808.679,187932.679,1.171,1.17114,MM,OANDA DIVISION1,REAL,MT4,ZMQ,EURUSD
21,2020-10-19 05:33:55.197000,2020-10-19 05:33:55.321000,2020-10-19 05:37:03.060679,124.0,187739.679,187863.679,1.171,1.17114,MM,OANDA DIVISION1,REAL,MT4,ZMQ,EURUSD
22,2020-10-19 05:33:55.306000,2020-10-19 05:33:55.430000,2020-10-19 05:37:03.093679,124.0,187663.679,187787.679,1.171,1.17114,MM,OANDA DIVISION1,REAL,MT4,ZMQ,EURUSD
23,2020-10-19 05:33:55.414000,2020-10-19 05:33:55.538000,2020-10-19 05:37:03.125679,124.0,187587.679,187711.679,1.171,1.17114,MM,OANDA DIVISION1,REAL,MT4,ZMQ,EURUSD
24,2020-10-19 05:33:55.525000,2020-10-19 05:33:55.649000,2020-10-19 05:37:03.158679,124.0,187509.679,187633.679,1.171,1.17114,MM,OANDA DIVISION1,REAL,MT4,ZMQ,EURUSD
25,2020-10-19 05:33:55.632000,2020-10-19 05:33:55.756000,2020-10-19 05:37:03.190679,124.0,187434.679,187558.679,1.171,1.17114,MM,OANDA DIVISION1,REAL,MT4,ZMQ,EURUSD
26,2020-10-19 05:33:55.744000,2020-10-19 05:33:55.868000,2020-10-19 05:37:03.224679,124.0,187356.679,187480.679,1.171,1.17114,MM,OANDA DIVISION1,REAL,MT4,ZMQ,EURUSD
27,2020-10-19 05:33:55.852000,2020-10-19 05:33:55.976000,2020-10-19 05:37:03.256679,124.0,187280.679,187404.679,1.171,1.17114,MM,OANDA DIVISION1,REAL,MT4,ZMQ,EURUSD
28,2020-10-19 05:33:55.961000,2020-10-19 05:33:56.085000,2020-10-19 05:37:03.288183,124.0,187203.183,187327.183,1.171,1.17114,MM,OANDA DIVISION1,REAL,MT4,ZMQ,EURUSD
29,2020-10-19 05:33:56.084000,2020-10-19 05:33:56.208000,2020-10-19 05:37:03.321210,124.0,187113.21,187237.21,1.171,1.17114,MM,OANDA DIVISION1,REAL,MT4,ZMQ,EURUSD
30,2020-10-19 05:33:56.179000,2020-10-19 05:33:56.303000,2020-10-19 05:37:03.352209,124.0,187049.209,187173.209,1.171,1.17114,MM,OANDA DIVISION1,REAL,MT4,ZMQ,EURUSD
31,2020-10-19 05:33:56.292000,2020-10-19 05:33:56.416000,2020-10-19 05:37:03.384774,124.0,186968.774,187092.774,1.171,1.17114,MM,OANDA DIVISION1,REAL,MT4,ZMQ,EURUSD
32,2020-10-19 05:33:56.398000,2020-10-19 05:33:56.522000,2020-10-19 05:37:03.419750,124.0,186897.75,187021.75,1.171,1.17114,MM,OANDA DIVISION1,REAL,MT4,ZMQ,EURUSD
33,2020-10-19 05:33:56.509000,2020-10-19 05:33:56.633000,2020-10-19 05:37:03.454749,124.0,186821.749,186945.749,1.171,1.17114,MM,OANDA DIVISION1,REAL,MT4,ZMQ,EURUSD
34,2020-10-19 05:33:56.620000,2020-10-19 05:33:56.744000,2020-10-19 05:37:03.487774,124.0,186743.774,186867.774,1.171,1.17114,MM,OANDA DIVISION1,REAL,MT4,ZMQ,EURUSD
35,2020-10-19 05:33:56.728000,2020-10-19 05:33:56.852000,2020-10-19 05:37:03.520775,124.0,186668.775,186792.775,1.171,1.17114,MM,OANDA DIVISION1,REAL,MT4,ZMQ,EURUSD
36,2020-10-19 05:33:56.838000,2020-10-19 05:33:56.962000,2020-10-19 05:37:03.553750,124.0,186591.75,186715.75,1.171,1.17114,MM,OANDA DIVISION1,REAL,MT4,ZMQ,EURUSD
37,2020-10-19 05:33:56.946000,2020-10-19 05:33:57.070000,2020-10-19 05:37:03.586774,124.0,186516.774,186640.774,1.171,1.17114,MM,OANDA DIVISION1,REAL,MT4,ZMQ,EURUSD
38,2020-10-19 05:33:57.056000,2020-10-19 05:33:57.180000,2020-10-19 05:37:03.619774,124.0,186439.774,186563.774,1.171,1.17114,MM,OANDA DIVISION1,REAL,MT4,ZMQ,EURUSD
39,2020-10-19 05:33:57.167000,2020-10-19 05:33:57.291000,2020-10-19 05:37:03.652750,124.0,186361.75,186485.75,1.171,1.17114,MM,OANDA DIVISION1,REAL,MT4,ZMQ,EURUSD
40,2020-10-19 05:33:57.274000,2020-10-19 05:33:57.398000,2020-10-19 05:37:03.685750,124.0,186287.75,186411.75,1.171,1.17114,MM,OANDA DIVISION1,REAL,MT4,ZMQ,EURUSD
41,2020-10-19 05:33:57.382000,2020-10-19 05:33:57.506000,2020-10-19 05:37:03.718775,124.0,186212.775,186336.775,1.171,1.17114,MM,OANDA DIVISION1,REAL,MT4,ZMQ,EURUSD
42,2020-10-19 05:33:57.492000,2020-10-19 05:33:57.616000,2020-10-19 05:37:03.750778,124.0,186134.778,186258.778,1.171,1.17114,MM,OANDA DIVISION1,REAL,MT4,ZMQ,EURUSD
43,2020-10-19 05:33:57.601000,2020-10-19 05:33:57.725000,2020-10-19 05:37:03.783749,124.0,186058.749,186182.749,1.171,1.17114,MM,OANDA DIVISION1,REAL,MT4,ZMQ,EURUSD
44,2020-10-19 05:33:57.713000,2020-10-19 05:33:57.837000,2020-10-19 05:37:03.815775,124.0,185978.775,186102.775,1.171,1.17114,MM,OANDA DIVISION1,REAL,MT4,ZMQ,EURUSD
45,2020-10-19 05:33:57.833000,2020-10-19 05:33:57.957000,2020-10-19 05:37:03.847775,124.0,185890.775,186014.775,1.171,1.17114,MM,OANDA DIVISION1,REAL,MT4,ZMQ,EURUSD
46,2020-10-19 05:33:57.929000,2020-10-19 05:33:58.053000,2020-10-19 05:37:03.879775,124.0,185826.775,185950.775,1.171,1.17114,MM,OANDA DIVISION1,REAL,MT4,ZMQ,EURUSD
47,2020-10-19 05:33:58.042000,2020-10-19 05:33:58.166000,2020-10-19 05:37:03.911775,124.0,185745.775,185869.775,1.171,1.17114,MM,OANDA DIVISION1,REAL,MT4,ZMQ,EURUSD
48,2020-10-19 05:33:58.149000,2020-10-19 05:33:58.273000,2020-10-19 05:37:03.943810,124.0,185670.81,185794.81,1.171,1.17114,MM,OANDA DIVISION1,REAL,MT4,ZMQ,EURUSD
49,2020-10-19 05:33:58.260000,2020-10-19 05:33:58.384000,2020-10-19 05:37:03.975810,124.0,185591.81,185715.81,1.171,1.17114,MM,OANDA DIVISION1,REAL,MT4,ZMQ,EURUSD
50,2020-10-19 05:33:58.369000,2020-10-19 05:33:58.493000,2020-10-19 05:37:04.010815,124.0,185517.815,185641.815,1.171,1.17114,MM,OANDA DIVISION1,REAL,MT4,ZMQ,EURUSD
51,2020-10-19 05:33:58.476000,2020-10-19 05:33:58.600000,2020-10-19 05:37:04.043392,124.0,185443.392,185567.392,1.171,1.17114,MM,OANDA DIVISION1,REAL,MT4,ZMQ,EURUSD
52,2020-10-19 05:33:58.588000,2020-10-19 05:33:58.712000,2020-10-19 05:37:04.076385,124.0,185364.385,185488.385,1.171,1.17114,MM,OANDA DIVISION1,REAL,MT4,ZMQ,EURUSD
53,2020-10-19 05:33:58.695000,2020-10-19 05:33:58.819000,2020-10-19 05:37:04.107389,124.0,185288.389,185412.389,1.171,1.17114,MM,OANDA DIVISION1,REAL,MT4,ZMQ,EURUSD
54,2020-10-19 05:33:58.805000,2020-10-19 05:33:58.929000,2020-10-19 05:37:04.140421,124.0,185211.421,185335.421,1.171,1.17114,MM,OANDA DIVISION1,REAL,MT4,ZMQ,EURUSD
55,2020-10-19 05:33:58.915000,2020-10-19 05:33:59.039000,2020-10-19 05:37:04.173422,124.0,185134.422,185258.422,1.171,1.17114,MM,OANDA DIVISION1,REAL,MT4,ZMQ,EURUSD
56,2020-10-19 05:33:59.024000,2020-10-19 05:33:59.148000,2020-10-19 05:37:04.205396,124.0,185057.396,185181.396,1.171,1.17114,MM,OANDA DIVISION1,REAL,MT4,ZMQ,EURUSD
57,2020-10-19 05:33:59.136000,2020-10-19 05:33:59.260000,2020-10-19 05:37:04.238396,124.0,184978.396,185102.396,1.171,1.17114,MM,OANDA DIVISION1,REAL,MT4,ZMQ,EURUSD
58,2020-10-19 05:33:59.242000,2020-10-19 05:33:59.366000,2020-10-19 05:37:04.270396,124.0,184904.396,185028.396,1.171,1.17114,MM,OANDA DIVISION1,REAL,MT4,ZMQ,EURUSD
59,2020-10-19 05:33:59.353000,2020-10-19 05:33:59.477000,2020-10-19 05:37:04.304420,124.0,184827.42,184951.42,1.171,1.17114,MM,OANDA DIVISION1,REAL,MT4,ZMQ,EURUSD
60,2020-10-19 05:33:59.464000,2020-10-19 05:33:59.588000,2020-10-19 05:37:04.336421,124.0,184748.421,184872.421,1.171,1.17114,MM,OANDA DIVISION1,REAL,MT4,ZMQ,EURUSD
61,2020-10-19 05:33:59.580000,2020-10-19 05:33:59.704000,2020-10-19 05:37:04.370396,124.0,184666.396,184790.396,1.171,1.17114,MM,OANDA DIVISION1,REAL,MT4,ZMQ,EURUSD
62,2020-10-19 05:33:59.680000,2020-10-19 05:33:59.804000,2020-10-19 05:37:04.403420,124.0,184599.42,184723.42,1.171,1.17114,MM,OANDA DIVISION1,REAL,MT4,ZMQ,EURUSD
63,2020-10-19 05:33:59.792000,2020-10-19 05:33:59.916000,2020-10-19 05:37:04.435426,124.0,184519.426,184643.426,1.171,1.17114,MM,OANDA DIVISION1,REAL,MT4,ZMQ,EURUSD
64,2020-10-19 05:33:59.900000,2020-10-19 05:34:00.024000,2020-10-19 05:37:04.467530,124.0,184443.53,184567.53,1.171,1.17114,MM,OANDA DIVISION1,REAL,MT4,ZMQ,EURUSD
65,2020-10-19 05:34:00.008000,2020-10-19 05:34:00.132000,2020-10-19 05:37:04.499039,124.0,184367.039,184491.039,1.171,1.17114,MM,OANDA DIVISION1,REAL,MT4,ZMQ,EURUSD
66,2020-10-19 05:34:00.117000,2020-10-19 05:34:00.241000,2020-10-19 05:37:04.529614,124.0,184288.614,184412.614,1.171,1.17114,MM,OANDA DIVISION1,REAL,MT4,ZMQ,EURUSD
67,2020-10-19 05:34:00.230000,2020-10-19 05:34:00.354000,2020-10-19 05:37:04.560617,124.0,184206.617,184330.617,1.171,1.17114,MM,OANDA DIVISION1,REAL,MT4,ZMQ,EURUSD
68,2020-10-19 05:34:00.360000,2020-10-19 05:34:00.484000,2020-10-19 05:37:04.593610,124.0,184109.61,184233.61,1.171,1.17114,MM,OANDA DIVISION1,REAL,MT4,ZMQ,EURUSD
69,2020-10-19 05:34:00.445000,2020-10-19 05:34:00.569000,2020-10-19 05:37:04.628614,124.0,184059.614,184183.614,1.171,1.17114,MM,OANDA DIVISION1,REAL,MT4,ZMQ,EURUSD
70,2020-10-19 05:34:00.558000,2020-10-19 05:34:00.682000,2020-10-19 05:37:04.660584,124.0,183978.584,184102.584,1.171,1.17114,MM,OANDA DIVISION1,REAL,MT4,ZMQ,EURUSD
71,2020-10-19 05:34:00.664000,2020-10-19 05:34:00.788000,2020-10-19 05:37:04.693615,124.0,183905.615,184029.615,1.171,1.17114,MM,OANDA DIVISION1,REAL,MT4,ZMQ,EURUSD
72,2020-10-19 05:34:00.773000,2020-10-19 05:34:00.897000,2020-10-19 05:37:04.725617,124.0,183828.617,183952.617,1.171,1.17114,MM,OANDA DIVISION1,REAL,MT4,ZMQ,EURUSD
73,2020-10-19 05:34:00.882600,2020-10-19 05:34:01.006600,2020-10-19 05:37:04.757615,124.0,183751.015,183875.015,1.171,1.17114,MM,OANDA DIVISION1,REAL,MT4,ZMQ,EURUSD
74,2020-10-19 05:34:00.995000,2020-10-19 05:34:01.119000,2020-10-19 05:37:04.789117,124.0,183670.117,183794.117,1.171,1.17114,MM,OANDA DIVISION1,REAL,MT4,ZMQ,EURUSD
75,2020-10-19 05:34:01.105000,2020-10-19 05:34:01.229000,2020-10-19 05:37:04.821629,124.0,183592.629,183716.629,1.171,1.17114,MM,OANDA DIVISION1,REAL,MT4,ZMQ,EURUSD
76,2020-10-19 05:34:01.211000,2020-10-19 05:34:01.335000,2020-10-19 05:37:04.854654,124.0,183519.654,183643.654,1.171,1.17114,MM,OANDA DIVISION1,REAL,MT4,ZMQ,EURUSD
77,2020-10-19 05:34:01.338000,2020-10-19 05:34:01.462000,2020-10-19 05:37:04.886652,124.0,183424.652,183548.652,1.171,1.17114,MM,OANDA DIVISION1,REAL,MT4,ZMQ,EURUSD
78,2020-10-19 05:34:01.430000,2020-10-19 05:34:01.554000,2020-10-19 05:37:04.918659,124.0,183364.659,183488.659,1.171,1.17114,MM,OANDA DIVISION1,REAL,MT4,ZMQ,EURUSD
79,2020-10-19 05:34:01.541000,2020-10-19 05:34:01.665000,2020-10-19 05:37:04.949628,124.0,183284.628,183408.628,1.171,1.17114,MM,OANDA DIVISION1,REAL,MT4,ZMQ,EURUSD
80,2020-10-19 05:34:01.650000,2020-10-19 05:34:01.774000,2020-10-19 05:37:04.981653,124.0,183207.653,183331.653,1.171,1.17114,MM,OANDA DIVISION1,REAL,MT4,ZMQ,EURUSD
81,2020-10-19 05:34:01.761000,2020-10-19 05:34:01.885000,2020-10-19 05:37:05.012662,124.0,183127.662,183251.662,1.171,1.17114,MM,OANDA DIVISION1,REAL,MT4,ZMQ,EURUSD
82,2020-10-19 05:34:01.868000,2020-10-19 05:34:01.992000,2020-10-19 05:37:05.043653,124.0,183051.653,183175.653,1.171,1.17114,MM,OANDA DIVISION1,REAL,MT4,ZMQ,EURUSD
83,2020-10-19 05:34:01.979000,2020-10-19 05:34:02.103000,2020-10-19 05:37:05.076659,124.0,182973.659,183097.659,1.171,1.17114,MM,OANDA DIVISION1,REAL,MT4,ZMQ,EURUSD
84,2020-10-19 05:34:02.109000,2020-10-19 05:34:02.233000,2020-10-19 05:37:05.108660,124.0,182875.66,182999.66,1.171,1.17114,MM,OANDA DIVISION1,REAL,MT4,ZMQ,EURUSD
85,2020-10-19 05:34:02.198000,2020-10-19 05:34:02.322000,2020-10-19 05:37:05.140654,124.0,182818.654,182942.654,1.171,1.17114,MM,OANDA DIVISION1,REAL,MT4,ZMQ,EURUSD
86,2020-10-19 05:34:02.305000,2020-10-19 05:34:02.429000,2020-10-19 05:37:05.173658,124.0,182744.658,182868.658,1.171,1.17114,MM,OANDA DIVISION1,REAL,MT4,ZMQ,EURUSD
87,2020-10-19 05:34:02.418000,2020-10-19 05:34:02.542000,2020-10-19 05:37:05.206628,124.0,182664.628,182788.628,1.171,1.17114,MM,OANDA DIVISION1,REAL,MT4,ZMQ,EURUSD
88,2020-10-19 05:34:02.526000,2020-10-19 05:34:02.650000,2020-10-19 05:37:05.239656,124.0,182589.656,182713.656,1.171,1.17114,MM,OANDA DIVISION1,REAL,MT4,ZMQ,EURUSD
89,2020-10-19 05:34:02.632000,2020-10-19 05:34:02.756000,2020-10-19 05:37:05.271655,124.0,182515.655,182639.655,1.171,1.17114,MM,OANDA DIVISION1,REAL,MT4,ZMQ,EURUSD
90,2020-10-19 05:34:02.742000,2020-10-19 05:34:02.866000,2020-10-19 05:37:05.304654,124.0,182438.654,182562.654,1.171,1.17114,MM,OANDA DIVISION1,REAL,MT4,ZMQ,EURUSD
91,2020-10-19 05:34:02.854000,2020-10-19 05:34:02.978000,2020-10-19 05:37:05.336654,124.0,182358.654,182482.654,1.171,1.17114,MM,OANDA DIVISION1,REAL,MT4,ZMQ,EURUSD
92,2020-10-19 05:34:02.964000,2020-10-19 05:34:03.088000,2020-10-19 05:37:05.369629,124.0,182281.629,182405.629,1.171,1.17114,MM,OANDA DIVISION1,REAL,MT4,ZMQ,EURUSD
93,2020-10-19 05:34:03.081000,2020-10-19 05:34:03.205000,2020-10-19 05:37:05.402661,124.0,182197.661,182321.661,1.171,1.17114,MM,OANDA DIVISION1,REAL,MT4,ZMQ,EURUSD
94,2020-10-19 05:34:03.181000,2020-10-19 05:34:03.305000,2020-10-19 05:37:05.434657,124.0,182129.657,182253.657,1.171,1.17114,MM,OANDA DIVISION1,REAL,MT4,ZMQ,EURUSD
95,2020-10-19 05:34:03.292000,2020-10-19 05:34:03.416000,2020-10-19 05:37:05.466654,124.0,182050.654,182174.654,1.171,1.17114,MM,OANDA DIVISION1,REAL,MT4,ZMQ,EURUSD
96,2020-10-19 05:34:03.402000,2020-10-19 05:34:03.526000,2020-10-19 05:37:05.499654,124.0,181973.654,182097.654,1.171,1.17114,MM,OANDA DIVISION1,REAL,MT4,ZMQ,EURUSD
97,2020-10-19 05:34:03.508000,2020-10-19 05:34:03.632000,2020-10-19 05:37:05.532654,124.0,181900.654,182024.654,1.171,1.17114,MM,OANDA DIVISION1,REAL,MT4,ZMQ,EURUSD
98,2020-10-19 05:34:03.619000,2020-10-19 05:34:03.743000,2020-10-19 05:37:05.564654,124.0,181821.654,181945.654,1.171,1.17114,MM,OANDA DIVISION1,REAL,MT4,ZMQ,EURUSD
99,2020-10-19 05:34:03.727000,2020-10-19 05:34:03.851000,2020-10-19 05:37:05.596655,124.0,181745.655,181869.655,1.171,1.17114,MM,OANDA DIVISION1,REAL,MT4,ZMQ,EURUSD
100,2020-10-19 05:34:03.836000,2020-10-19 05:34:03.960000,2020-10-19 05:37:05.638628,124.0,181678.628,181802.628,1.171,1.17114,MM,OANDA DIVISION1,REAL,MT4,ZMQ,EURUSD
101,2020-10-19 05:34:03.948000,2020-10-19 05:34:04.072000,2020-10-19 05:37:05.670653,124.0,181598.653,181722.653,1.171,1.17114,MM,OANDA DIVISION1,REAL,MT4,ZMQ,EURUSD
102,2020-10-19 05:34:04.055000,2020-10-19 05:34:04.179000,2020-10-19 05:37:05.702630,124.0,181523.63,181647.63,1.171,1.17114,MM,OANDA DIVISION1,REAL,MT4,ZMQ,EURUSD
103,2020-10-19 05:34:04.164000,2020-10-19 05:34:04.288000,2020-10-19 05:37:05.735629,124.0,181447.629,181571.629,1.171,1.17114,MM,OANDA DIVISION1,REAL,MT4,ZMQ,EURUSD
104,2020-10-19 05:34:04.273000,2020-10-19 05:34:04.397000,2020-10-19 05:37:05.768659,124.0,181371.659,181495.659,1.171,1.17114,MM,OANDA DIVISION1,REAL,MT4,ZMQ,EURUSD
105,2020-10-19 05:34:04.382000,2020-10-19 05:34:04.506000,2020-10-19 05:37:05.801632,124.0,181295.632,181419.632,1.171,1.17114,MM,OANDA DIVISION1,REAL,MT4,ZMQ,EURUSD
106,2020-10-19 05:34:04.491000,2020-10-19 05:34:04.615000,2020-10-19 05:37:05.833659,124.0,181218.659,181342.659,1.171,1.17114,MM,OANDA DIVISION1,REAL,MT4,ZMQ,EURUSD
107,2020-10-19 05:34:04.605000,2020-10-19 05:34:04.729000,2020-10-19 05:37:05.866654,124.0,181137.654,181261.654,1.171,1.17114,MM,OANDA DIVISION1,REAL,MT4,ZMQ,EURUSD
108,2020-10-19 05:34:04.711000,2020-10-19 05:34:04.835000,2020-10-19 05:37:05.898659,124.0,181063.659,181187.659,1.171,1.17114,MM,OANDA DIVISION1,REAL,MT4,ZMQ,EURUSD
109,2020-10-19 05:34:04.855000,2020-10-19 05:34:04.979000,2020-10-19 05:37:05.931663,124.0,180952.663,181076.663,1.171,1.17114,MM,OANDA DIVISION1,REAL,MT4,ZMQ,EURUSD
110,2020-10-19 05:34:04.933000,2020-10-19 05:34:05.057000,2020-10-19 05:37:05.963659,124.0,180906.659,181030.659,1.171,1.17114,MM,OANDA DIVISION1,REAL,MT4,ZMQ,EURUSD
111,2020-10-19 05:34:05.042000,2020-10-19 05:34:05.166000,2020-10-19 05:37:05.995659,124.0,180829.659,180953.659,1.171,1.17114,MM,OANDA DIVISION1,REAL,MT4,ZMQ,EURUSD
112,2020-10-19 05:34:05.151000,2020-10-19 05:34:05.275000,2020-10-19 05:37:06.027659,124.0,180752.659,180876.659,1.171,1.17114,MM,OANDA DIVISION1,REAL,MT4,ZMQ,EURUSD
113,2020-10-19 05:34:05.258000,2020-10-19 05:34:05.382000,2020-10-19 05:37:06.059659,124.0,180677.659,180801.659,1.171,1.17114,MM,OANDA DIVISION1,REAL,MT4,ZMQ,EURUSD
114,2020-10-19 05:34:05.368000,2020-10-19 05:34:05.492000,2020-10-19 05:37:06.090628,124.0,180598.628,180722.628,1.171,1.17114,MM,OANDA DIVISION1,REAL,MT4,ZMQ,EURUSD
115,2020-10-19 05:34:05.477000,2020-10-19 05:34:05.601000,2020-10-19 05:37:06.123659,124.0,180522.659,180646.659,1.171,1.17114,MM,OANDA DIVISION1,REAL,MT4,ZMQ,EURUSD
116,2020-10-19 05:34:05.587000,2020-10-19 05:34:05.711000,2020-10-19 05:37:06.155658,124.0,180444.658,180568.658,1.171,1.17114,MM,OANDA DIVISION1,REAL,MT4,ZMQ,EURUSD
117,2020-10-19 05:34:05.696000,2020-10-19 05:34:05.820000,2020-10-19 05:37:06.187662,124.0,180367.662,180491.662,1.171,1.17114,MM,OANDA DIVISION1,REAL,MT4,ZMQ,EURUSD
118,2020-10-19 05:34:05.807000,2020-10-19 05:34:05.931000,2020-10-19 05:37:06.219659,124.0,180288.659,180412.659,1.171,1.17114,MM,OANDA DIVISION1,REAL,MT4,ZMQ,EURUSD
119,2020-10-19 05:34:05.915000,2020-10-19 05:34:06.039000,2020-10-19 05:37:06.251659,124.0,180212.659,180336.659,1.171,1.17114,MM,OANDA DIVISION1,REAL,MT4,ZMQ,EURUSD
120,2020-10-19 05:34:06.023000,2020-10-19 05:34:06.147000,2020-10-19 05:37:06.283663,124.0,180136.663,180260.663,1.171,1.17114,MM,OANDA DIVISION1,REAL,MT4,ZMQ,EURUSD
121,2020-10-19 05:34:06.137000,2020-10-19 05:34:06.261000,2020-10-19 05:37:06.316687,124.0,180055.687,180179.687,1.171,1.17114,MM,OANDA DIVISION1,REAL,MT4,ZMQ,EURUSD
122,2020-10-19 05:34:06.243000,2020-10-19 05:34:06.367000,2020-10-19 05:37:06.348694,124.0,179981.694,180105.694,1.171,1.17114,MM,OANDA DIVISION1,REAL,MT4,ZMQ,EURUSD
123,2020-10-19 05:34:06.354000,2020-10-19 05:34:06.478000,2020-10-19 05:37:06.380687,124.0,179902.687,180026.687,1.171,1.17114,MM,OANDA DIVISION1,REAL,MT4,ZMQ,EURUSD
124,2020-10-19 05:34:06.463000,2020-10-19 05:34:06.587000,2020-10-19 05:37:06.412694,124.0,179825.694,179949.694,1.171,1.17114,MM,OANDA DIVISION1,REAL,MT4,ZMQ,EURUSD
125,2020-10-19 05:34:06.580000,2020-10-19 05:34:06.704000,2020-10-19 05:37:06.444692,124.0,179740.692,179864.692,1.171,1.17114,MM,OANDA DIVISION1,REAL,MT4,ZMQ,EURUSD
126,2020-10-19 05:34:06.679000,2020-10-19 05:34:06.803000,2020-10-19 05:37:06.476694,124.0,179673.694,179797.694,1.171,1.17114,MM,OANDA DIVISION1,REAL,MT4,ZMQ,EURUSD
127,2020-10-19 05:34:06.793000,2020-10-19 05:34:06.917000,2020-10-19 05:37:06.508737,124.0,179591.737,179715.737,1.171,1.17114,MM,OANDA DIVISION1,REAL,MT4,ZMQ,EURUSD
128,2020-10-19 05:34:06.899000,2020-10-19 05:34:07.023000,2020-10-19 05:37:06.540726,124.0,179517.726,179641.726,1.171,1.17114,MM,OANDA DIVISION1,REAL,MT4,ZMQ,EURUSD
129,2020-10-19 05:34:07.009000,2020-10-19 05:34:07.133000,2020-10-19 05:37:06.572726,124.0,179439.726,179563.726,1.171,1.17114,MM,OANDA DIVISION1,REAL,MT4,ZMQ,EURUSD
130,2020-10-19 05:34:07.120000,2020-10-19 05:34:07.244000,2020-10-19 05:37:06.605831,124.0,179361.831,179485.831,1.171,1.17114,MM,OANDA DIVISION1,REAL,MT4,ZMQ,EURUSD
131,2020-10-19 05:34:07.227000,2020-10-19 05:34:07.351000,2020-10-19 05:37:06.637832,124.0,179286.832,179410.832,1.171,1.17114,MM,OANDA DIVISION1,REAL,MT4,ZMQ,EURUSD
132,2020-10-19 05:34:07.337000,2020-10-19 05:34:07.461000,2020-10-19 05:37:06.669833,124.0,179208.833,179332.833,1.171,1.17114,MM,OANDA DIVISION1,REAL,MT4,ZMQ,EURUSD
133,2020-10-19 05:34:07.447000,2020-10-19 05:34:07.571000,2020-10-19 05:37:06.701843,124.0,179130.843,179254.843,1.171,1.17114,MM,OANDA DIVISION1,REAL,MT4,ZMQ,EURUSD
134,2020-10-19 05:34:07.554000,2020-10-19 05:34:07.678000,2020-10-19 05:37:06.732868,124.0,179054.868,179178.868,1.171,1.17114,MM,OANDA DIVISION1,REAL,MT4,ZMQ,EURUSD
135,2020-10-19 05:34:07.664000,2020-10-19 05:34:07.788000,2020-10-19 05:37:06.764844,124.0,178976.844,179100.844,1.171,1.17114,MM,OANDA DIVISION1,REAL,MT4,ZMQ,EURUSD
136,2020-10-19 05:34:07.773000,2020-10-19 05:34:07.897000,2020-10-19 05:37:06.795902,124.0,178898.902,179022.902,1.171,1.17114,MM,OANDA DIVISION1,REAL,MT4,ZMQ,EURUSD
137,2020-10-19 05:34:07.883700,2020-10-19 05:34:08.007700,2020-10-19 05:37:06.827901,124.0,178820.201,178944.201,1.171,1.17114,MM,OANDA DIVISION1,REAL,MT4,ZMQ,EURUSD
138,2020-10-19 05:34:07.993000,2020-10-19 05:34:08.117000,2020-10-19 05:37:06.859902,124.0,178742.902,178866.902,1.171,1.17114,MM,OANDA DIVISION1,REAL,MT4,ZMQ,EURUSD
139,2020-10-19 05:34:08.105000,2020-10-19 05:34:08.229000,2020-10-19 05:37:06.890581,124.0,178661.581,178785.581,1.171,1.17114,MM,OANDA DIVISION1,REAL,MT4,ZMQ,EURUSD
140,2020-10-19 05:34:08.211000,2020-10-19 05:34:08.335000,2020-10-19 05:37:06.923144,124.0,178588.144,178712.144,1.171,1.17114,MM,OANDA DIVISION1,REAL,MT4,ZMQ,EURUSD
141,2020-10-19 05:34:08.332000,2020-10-19 05:34:08.456000,2020-10-19 05:37:06.954119,124.0,178498.119,178622.119,1.171,1.17114,MM,OANDA DIVISION1,REAL,MT4,ZMQ,EURUSD
142,2020-10-19 05:34:08.430000,2020-10-19 05:34:08.554000,2020-10-19 05:37:06.985177,124.0,178431.177,178555.177,1.171,1.17114,MM,OANDA DIVISION1,REAL,MT4,ZMQ,EURUSD
143,2020-10-19 05:34:08.542000,2020-10-19 05:34:08.666000,2020-10-19 05:37:07.016180,124.0,178350.18,178474.18,1.171,1.17114,MM,OANDA DIVISION1,REAL,MT4,ZMQ,EURUSD
144,2020-10-19 05:34:08.648000,2020-10-19 05:34:08.772000,2020-10-19 05:37:07.048153,124.0,178276.153,178400.153,1.171,1.17114,MM,OANDA DIVISION1,REAL,MT4,ZMQ,EURUSD
145,2020-10-19 05:34:08.757000,2020-10-19 05:34:08.881000,2020-10-19 05:37:07.081152,124.0,178200.152,178324.152,1.171,1.17114,MM,OANDA DIVISION1,REAL,MT4,ZMQ,EURUSD
146,2020-10-19 05:34:08.868000,2020-10-19 05:34:08.992000,2020-10-19 05:37:07.113153,124.0,178121.153,178245.153,1.171,1.17114,MM,OANDA DIVISION1,REAL,MT4,ZMQ,EURUSD
147,2020-10-19 05:34:08.977000,2020-10-19 05:34:09.101000,2020-10-19 05:37:07.145152,124.0,178044.152,178168.152,1.171,1.17114,MM,OANDA DIVISION1,REAL,MT4,ZMQ,EURUSD
148,2020-10-19 05:34:09.094000,2020-10-19 05:34:09.218000,2020-10-19 05:37:07.177176,124.0,177959.176,178083.176,1.171,1.17114,MM,OANDA DIVISION1,REAL,MT4,ZMQ,EURUSD
149,2020-10-19 05:34:09.196000,2020-10-19 05:34:09.320000,2020-10-19 05:37:07.208659,124.0,177888.659,178012.659,1.171,1.17114,MM,OANDA DIVISION1,REAL,MT4,ZMQ,EURUSD
150,2020-10-19 05:34:09.351000,2020-10-19 05:34:09.475000,2020-10-19 05:37:07.240658,124.0,177765.658,177889.658,1.171,1.17114,MM,OANDA DIVISION1,REAL,MT4,ZMQ,EURUSD
151,2020-10-19 05:34:09.432000,2020-10-19 05:34:09.556000,2020-10-19 05:37:07.273684,124.0,177717.684,177841.684,1.171,1.17114,MM,OANDA DIVISION1,REAL,MT4,ZMQ,EURUSD
152,2020-10-19 05:34:09.526000,2020-10-19 05:34:09.650000,2020-10-19 05:37:07.305684,124.0,177655.684,177779.684,1.171,1.17114,MM,OANDA DIVISION1,REAL,MT4,ZMQ,EURUSD
153,2020-10-19 05:34:09.635000,2020-10-19 05:34:09.759000,2020-10-19 05:37:07.336685,124.0,177577.685,177701.685,1.171,1.17114,MM,OANDA DIVISION1,REAL,MT4,ZMQ,EURUSD
154,2020-10-19 05:34:09.743000,2020-10-19 05:34:09.867000,2020-10-19 05:37:07.368685,124.0,177501.685,177625.685,1.171,1.17114,MM,OANDA DIVISION1,REAL,MT4,ZMQ,EURUSD
155,2020-10-19 05:34:09.854000,2020-10-19 05:34:09.978000,2020-10-19 05:37:07.401685,124.0,177423.685,177547.685,1.171,1.17114,MM,OANDA DIVISION1,REAL,MT4,ZMQ,EURUSD
156,2020-10-19 05:34:09.965000,2020-10-19 05:34:10.089000,2020-10-19 05:37:07.432685,124.0,177343.685,177467.685,1.171,1.17114,MM,OANDA DIVISION1,REAL,MT4,ZMQ,EURUSD
157,2020-10-19 05:34:10.087000,2020-10-19 05:34:10.211000,2020-10-19 05:37:07.464684,124.0,177253.684,177377.684,1.171,1.17114,MM,OANDA DIVISION1,REAL,MT4,ZMQ,EURUSD
158,2020-10-19 05:34:10.179000,2020-10-19 05:34:10.303000,2020-10-19 05:37:07.498684,124.0,177195.684,177319.684,1.171,1.17114,MM,OANDA DIVISION1,REAL,MT4,ZMQ,EURUSD
159,2020-10-19 05:34:10.292000,2020-10-19 05:34:10.416000,2020-10-19 05:37:07.530659,124.0,177114.659,177238.659,1.171,1.17114,MM,OANDA DIVISION1,REAL,MT4,ZMQ,EURUSD
160,2020-10-19 05:34:10.400000,2020-10-19 05:34:10.524000,2020-10-19 05:37:07.561690,124.0,177037.69,177161.69,1.171,1.17114,MM,OANDA DIVISION1,REAL,MT4,ZMQ,EURUSD
161,2020-10-19 05:34:10.512000,2020-10-19 05:34:10.636000,2020-10-19 05:37:07.594690,124.0,176958.69,177082.69,1.171,1.17114,MM,OANDA DIVISION1,REAL,MT4,ZMQ,EURUSD
162,2020-10-19 05:34:10.620000,2020-10-19 05:34:10.744000,2020-10-19 05:37:07.626690,124.0,176882.69,177006.69,1.171,1.17114,MM,OANDA DIVISION1,REAL,MT4,ZMQ,EURUSD
163,2020-10-19 05:34:10.730000,2020-10-19 05:34:10.854000,2020-10-19 05:37:07.657690,124.0,176803.69,176927.69,1.171,1.17114,MM,OANDA DIVISION1,REAL,MT4,ZMQ,EURUSD
164,2020-10-19 05:34:10.837000,2020-10-19 05:34:10.961000,2020-10-19 05:37:07.689691,124.0,176728.691,176852.691,1.171,1.17114,MM,OANDA DIVISION1,REAL,MT4,ZMQ,EURUSD
165,2020-10-19 05:34:10.945000,2020-10-19 05:34:11.069000,2020-10-19 05:37:07.722685,124.0,176653.685,176777.685,1.171,1.17114,MM,OANDA DIVISION1,REAL,MT4,ZMQ,EURUSD
166,2020-10-19 05:34:11.055000,2020-10-19 05:34:11.179000,2020-10-19 05:37:07.756685,124.0,176577.685,176701.685,1.171,1.17114,MM,OANDA DIVISION1,REAL,MT4,ZMQ,EURUSD
167,2020-10-19 05:34:11.167000,2020-10-19 05:34:11.291000,2020-10-19 05:37:07.789685,124.0,176498.685,176622.685,1.171,1.17114,MM,OANDA DIVISION1,REAL,MT4,ZMQ,EURUSD
168,2020-10-19 05:34:11.276000,2020-10-19 05:34:11.400000,2020-10-19 05:37:07.822661,124.0,176422.661,176546.661,1.171,1.17114,MM,OANDA DIVISION1,REAL,MT4,ZMQ,EURUSD
169,2020-10-19 05:34:11.384000,2020-10-19 05:34:11.508000,2020-10-19 05:37:07.854685,124.0,176346.685,176470.685,1.171,1.17114,MM,OANDA DIVISION1,REAL,MT4,ZMQ,EURUSD
170,2020-10-19 05:34:11.493000,2020-10-19 05:34:11.617000,2020-10-19 05:37:07.886249,124.0,176269.249,176393.249,1.171,1.17114,MM,OANDA DIVISION1,REAL,MT4,ZMQ,EURUSD
171,2020-10-19 05:34:11.602000,2020-10-19 05:34:11.726000,2020-10-19 05:37:07.918812,124.0,176192.812,176316.812,1.171,1.17114,MM,OANDA DIVISION1,REAL,MT4,ZMQ,EURUSD
172,2020-10-19 05:34:11.713000,2020-10-19 05:34:11.837000,2020-10-19 05:37:07.950812,124.0,176113.812,176237.812,1.171,1.17114,MM,OANDA DIVISION1,REAL,MT4,ZMQ,EURUSD
173,2020-10-19 05:34:11.829000,2020-10-19 05:34:11.953000,2020-10-19 05:37:07.982812,124.0,176029.812,176153.812,1.171,1.17114,MM,OANDA DIVISION1,REAL,MT4,ZMQ,EURUSD
174,2020-10-19 05:34:11.931000,2020-10-19 05:34:12.055000,2020-10-19 05:37:08.015351,124.0,175960.351,176084.351,1.171,1.17114,MM,OANDA DIVISION1,REAL,MT4,ZMQ,EURUSD
175,2020-10-19 05:34:12.045000,2020-10-19 05:34:12.169000,2020-10-19 05:37:08.047376,124.0,175878.376,176002.376,1.171,1.17114,MM,OANDA DIVISION1,REAL,MT4,ZMQ,EURUSD
176,2020-10-19 05:34:12.150000,2020-10-19 05:34:12.274000,2020-10-19 05:37:08.079377,124.0,175805.377,175929.377,1.171,1.17114,MM,OANDA DIVISION1,REAL,MT4,ZMQ,EURUSD
177,2020-10-19 05:34:12.258000,2020-10-19 05:34:12.382000,2020-10-19 05:37:08.110942,124.0,175728.942,175852.942,1.171,1.17114,MM,OANDA DIVISION1,REAL,MT4,ZMQ,EURUSD
178,2020-10-19 05:34:12.369000,2020-10-19 05:34:12.493000,2020-10-19 05:37:08.142943,124.0,175649.943,175773.943,1.171,1.17114,MM,OANDA DIVISION1,REAL,MT4,ZMQ,EURUSD
179,2020-10-19 05:34:12.476000,2020-10-19 05:34:12.600000,2020-10-19 05:37:08.174942,124.0,175574.942,175698.942,1.171,1.17114,MM,OANDA DIVISION1,REAL,MT4,ZMQ,EURUSD
180,2020-10-19 05:34:12.591000,2020-10-19 05:34:12.715000,2020-10-19 05:37:08.207512,124.0,175492.512,175616.512,1.171,1.17114,MM,OANDA DIVISION1,REAL,MT4,ZMQ,EURUSD
181,2020-10-19 05:34:12.700000,2020-10-19 05:34:12.824000,2020-10-19 05:37:08.239511,124.0,175415.511,175539.511,1.171,1.17114,MM,OANDA DIVISION1,REAL,MT4,ZMQ,EURUSD
182,2020-10-19 05:34:12.807000,2020-10-19 05:34:12.931000,2020-10-19 05:37:08.270518,124.0,175339.518,175463.518,1.171,1.17114,MM,OANDA DIVISION1,REAL,MT4,ZMQ,EURUSD
183,2020-10-19 05:34:12.917000,2020-10-19 05:34:13.041000,2020-10-19 05:37:08.303074,124.0,175262.074,175386.074,1.171,1.17114,MM,OANDA DIVISION1,REAL,MT4,ZMQ,EURUSD
184,2020-10-19 05:34:13.029000,2020-10-19 05:34:13.153000,2020-10-19 05:37:08.336072,124.0,175183.072,175307.072,1.171,1.17114,MM,OANDA DIVISION1,REAL,MT4,ZMQ,EURUSD
185,2020-10-19 05:34:13.132000,2020-10-19 05:34:13.256000,2020-10-19 05:37:08.368072,124.0,175112.072,175236.072,1.171,1.17114,MM,OANDA DIVISION1,REAL,MT4,ZMQ,EURUSD
186,2020-10-19 05:34:13.243000,2020-10-19 05:34:13.367000,2020-10-19 05:37:08.400072,124.0,175033.072,175157.072,1.171,1.17114,MM,OANDA DIVISION1,REAL,MT4,ZMQ,EURUSD
187,2020-10-19 05:34:13.356000,2020-10-19 05:34:13.480000,2020-10-19 05:37:08.433098,124.0,174953.098,175077.098,1.171,1.17114,MM,OANDA DIVISION1,REAL,MT4,ZMQ,EURUSD
188,2020-10-19 05:34:13.461000,2020-10-19 05:34:13.585000,2020-10-19 05:37:08.466099,124.0,174881.099,175005.099,1.171,1.17114,MM,OANDA DIVISION1,REAL,MT4,ZMQ,EURUSD
189,2020-10-19 05:34:13.586000,2020-10-19 05:34:13.710000,2020-10-19 05:37:08.500098,124.0,174790.098,174914.098,1.171,1.17114,MM,OANDA DIVISION1,REAL,MT4,ZMQ,EURUSD
190,2020-10-19 05:34:13.684000,2020-10-19 05:34:13.808000,2020-10-19 05:37:08.534098,124.0,174726.098,174850.098,1.171,1.17114,MM,OANDA DIVISION1,REAL,MT4,ZMQ,EURUSD
191,2020-10-19 05:34:13.792000,2020-10-19 05:34:13.916000,2020-10-19 05:37:08.567073,124.0,174651.073,174775.073,1.171,1.17114,MM,OANDA DIVISION1,REAL,MT4,ZMQ,EURUSD
192,2020-10-19 05:34:13.902000,2020-10-19 05:34:14.026000,2020-10-19 05:37:08.599100,124.0,174573.1,174697.1,1.171,1.17114,MM,OANDA DIVISION1,REAL,MT4,ZMQ,EURUSD
193,2020-10-19 05:34:14.009000,2020-10-19 05:34:14.133000,2020-10-19 05:37:08.631104,124.0,174498.104,174622.104,1.171,1.17114,MM,OANDA DIVISION1,REAL,MT4,ZMQ,EURUSD
194,2020-10-19 05:34:14.118000,2020-10-19 05:34:14.242000,2020-10-19 05:37:08.664104,124.0,174422.104,174546.104,1.171,1.17114,MM,OANDA DIVISION1,REAL,MT4,ZMQ,EURUSD
195,2020-10-19 05:34:14.226000,2020-10-19 05:34:14.350000,2020-10-19 05:37:08.696490,124.0,174346.49,174470.49,1.171,1.17114,MM,OANDA DIVISION1,REAL,MT4,ZMQ,EURUSD
196,2020-10-19 05:34:14.340000,2020-10-19 05:34:14.464000,2020-10-19 05:37:08.728500,124.0,174264.5,174388.5,1.171,1.17114,MM,OANDA DIVISION1,REAL,MT4,ZMQ,EURUSD
197,2020-10-19 05:34:14.449000,2020-10-19 05:34:14.573000,2020-10-19 05:37:08.759501,124.0,174186.501,174310.501,1.171,1.17114,MM,OANDA DIVISION1,REAL,MT4,ZMQ,EURUSD
198,2020-10-19 05:34:14.555000,2020-10-19 05:34:14.679000,2020-10-19 05:37:08.790504,124.0,174111.504,174235.504,1.171,1.17114,MM,OANDA DIVISION1,REAL,MT4,ZMQ,EURUSD
199,2020-10-19 05:34:14.664000,2020-10-19 05:34:14.788000,2020-10-19 05:37:08.822533,124.0,174034.533,174158.533,1.171,1.17114,MM,OANDA DIVISION1,REAL,MT4,ZMQ,EURUSD
200,2020-10-19 05:34:14.776000,2020-10-19 05:34:14.900000,2020-10-19 05:37:08.859540,124.0,173959.54,174083.54,1.171,1.17114,MM,OANDA DIVISION1,REAL,MT4,ZMQ,EURUSD
201,2020-10-19 05:34:14.882600,2020-10-19 05:34:15.006600,2020-10-19 05:37:08.890539,124.0,173883.939,174007.939,1.171,1.17114,MM,OANDA DIVISION1,REAL,MT4,ZMQ,EURUSD
202,2020-10-19 05:34:14.992000,2020-10-19 05:34:15.116000,2020-10-19 05:37:08.923579,124.0,173807.579,173931.579,1.171,1.17114,MM,OANDA DIVISION1,REAL,MT4,ZMQ,EURUSD
203,2020-10-19 05:34:15.111000,2020-10-19 05:34:15.235000,2020-10-19 05:37:08.956546,124.0,173721.546,173845.546,1.17099,1.17113,MM,OANDA DIVISION1,REAL,MT4,ZMQ,EURUSD
204,2020-10-19 05:34:15.122000,2020-10-19 05:34:15.246000,2020-10-19 05:37:08.988577,124.0,173742.577,173866.577,1.17099,1.17113,MM,OANDA DIVISION1,REAL,MT4,ZMQ,EURUSD
205,2020-10-19 05:34:15.210000,2020-10-19 05:34:15.334000,2020-10-19 05:37:09.022142,124.0,173688.142,173812.142,1.17099,1.17113,MM,OANDA DIVISION1,REAL,MT4,ZMQ,EURUSD
206,2020-10-19 05:34:15.359000,2020-10-19 05:34:15.483000,2020-10-19 05:37:09.054146,124.0,173571.146,173695.146,1.17099,1.17113,MM,OANDA DIVISION1,REAL,MT4,ZMQ,EURUSD
207,2020-10-19 05:34:15.369000,2020-10-19 05:34:15.493000,2020-10-19 05:37:09.086142,124.0,173593.142,173717.142,1.17098,1.17112,MM,OANDA DIVISION1,REAL,MT4,ZMQ,EURUSD
208,2020-10-19 05:34:15.433000,2020-10-19 05:34:15.557000,2020-10-19 05:37:09.118142,124.0,173561.142,173685.142,1.17098,1.17112,MM,OANDA DIVISION1,REAL,MT4,ZMQ,EURUSD
209,2020-10-19 05:34:15.446000,2020-10-19 05:34:15.570000,2020-10-19 05:37:09.150142,124.0,173580.142,173704.142,1.17096,1.17111,MM,OANDA DIVISION1,REAL,MT4,ZMQ,EURUSD
210,2020-10-19 05:34:15.489000,2020-10-19 05:34:15.613000,2020-10-19 05:37:09.182142,124.0,173569.142,173693.142,1.17096,1.17109,MM,OANDA DIVISION1,REAL,MT4,ZMQ,EURUSD
211,2020-10-19 05:34:15.540000,2020-10-19 05:34:15.664000,2020-10-19 05:37:09.214483,124.0,173550.483,173674.483,1.17096,1.17109,MM,OANDA DIVISION1,REAL,MT4,ZMQ,EURUSD
212,2020-10-19 05:34:15.649000,2020-10-19 05:34:15.773000,2020-10-19 05:37:09.247603,124.0,173474.603,173598.603,1.17096,1.17109,MM,OANDA DIVISION1,REAL,MT4,ZMQ,EURUSD
213,2020-10-19 05:34:15.759000,2020-10-19 05:34:15.883000,2020-10-19 05:37:09.279603,124.0,173396.603,173520.603,1.17096,1.17109,MM,OANDA DIVISION1,REAL,MT4,ZMQ,EURUSD
214,2020-10-19 05:34:15.868000,2020-10-19 05:34:15.992000,2020-10-19 05:37:09.312624,124.0,173320.624,173444.624,1.17096,1.17109,MM,OANDA DIVISION1,REAL,MT4,ZMQ,EURUSD
215,2020-10-19 05:34:15.978000,2020-10-19 05:34:16.102000,2020-10-19 05:37:09.345602,124.0,173243.602,173367.602,1.17096,1.17109,MM,OANDA DIVISION1,REAL,MT4,ZMQ,EURUSD
216,2020-10-19 05:34:16.086000,2020-10-19 05:34:16.210000,2020-10-19 05:37:09.377629,124.0,173167.629,173291.629,1.17096,1.17109,MM,OANDA DIVISION1,REAL,MT4,ZMQ,EURUSD
217,2020-10-19 05:34:16.195000,2020-10-19 05:34:16.319000,2020-10-19 05:37:09.410627,124.0,173091.627,173215.627,1.17096,1.17109,MM,OANDA DIVISION1,REAL,MT4,ZMQ,EURUSD
218,2020-10-19 05:34:16.306000,2020-10-19 05:34:16.430000,2020-10-19 05:37:09.443628,124.0,173013.628,173137.628,1.17096,1.17109,MM,OANDA DIVISION1,REAL,MT4,ZMQ,EURUSD
219,2020-10-19 05:34:16.416000,2020-10-19 05:34:16.540000,2020-10-19 05:37:09.476627,124.0,172936.627,173060.627,1.17096,1.17109,MM,OANDA DIVISION1,REAL,MT4,ZMQ,EURUSD
220,2020-10-19 05:34:16.523000,2020-10-19 05:34:16.647000,2020-10-19 05:37:09.509602,124.0,172862.602,172986.602,1.17096,1.17109,MM,OANDA DIVISION1,REAL,MT4,ZMQ,EURUSD
221,2020-10-19 05:34:16.634000,2020-10-19 05:34:16.758000,2020-10-19 05:37:09.542627,124.0,172784.627,172908.627,1.17096,1.17109,MM,OANDA DIVISION1,REAL,MT4,ZMQ,EURUSD
222,2020-10-19 05:34:16.742000,2020-10-19 05:34:16.866000,2020-10-19 05:37:09.575602,124.0,172709.602,172833.602,1.17096,1.17109,MM,OANDA DIVISION1,REAL,MT4,ZMQ,EURUSD
223,2020-10-19 05:34:16.855000,2020-10-19 05:34:16.979000,2020-10-19 05:37:09.607602,124.0,172628.602,172752.602,1.17096,1.17109,MM,OANDA DIVISION1,REAL,MT4,ZMQ,EURUSD
224,2020-10-19 05:34:16.962000,2020-10-19 05:34:17.086000,2020-10-19 05:37:09.640603,124.0,172554.603,172678.603,1.17096,1.17109,MM,OANDA DIVISION1,REAL,MT4,ZMQ,EURUSD
225,2020-10-19 05:34:17.082000,2020-10-19 05:34:17.206000,2020-10-19 05:37:09.673604,124.0,172467.604,172591.604,1.17096,1.17109,MM,OANDA DIVISION1,REAL,MT4,ZMQ,EURUSD
226,2020-10-19 05:34:17.181000,2020-10-19 05:34:17.305000,2020-10-19 05:37:09.707602,124.0,172402.602,172526.602,1.17096,1.17109,MM,OANDA DIVISION1,REAL,MT4,ZMQ,EURUSD
227,2020-10-19 05:34:17.290000,2020-10-19 05:34:17.414000,2020-10-19 05:37:09.741603,124.0,172327.603,172451.603,1.17096,1.17109,MM,OANDA DIVISION1,REAL,MT4,ZMQ,EURUSD
228,2020-10-19 05:34:17.400000,2020-10-19 05:34:17.524000,2020-10-19 05:37:09.775602,124.0,172251.602,172375.602,1.17096,1.17109,MM,OANDA DIVISION1,REAL,MT4,ZMQ,EURUSD
229,2020-10-19 05:34:17.511000,2020-10-19 05:34:17.635000,2020-10-19 05:37:09.809603,124.0,172174.603,172298.603,1.17096,1.17109,MM,OANDA DIVISION1,REAL,MT4,ZMQ,EURUSD
230,2020-10-19 05:34:17.618000,2020-10-19 05:34:17.742000,2020-10-19 05:37:09.841603,124.0,172099.603,172223.603,1.17096,1.17109,MM,OANDA DIVISION1,REAL,MT4,ZMQ,EURUSD
231,2020-10-19 05:34:17.734000,2020-10-19 05:34:17.858000,2020-10-19 05:37:09.875603,124.0,172017.603,172141.603,1.17096,1.17109,MM,OANDA DIVISION1,REAL,MT4,ZMQ,EURUSD
232,2020-10-19 05:34:17.818000,2020-10-19 05:34:17.942000,2020-10-19 05:37:09.908626,124.0,171966.626,172090.626,1.17097,1.1711,MM,OANDA DIVISION1,REAL,MT4,ZMQ,EURUSD
233,2020-10-19 05:34:17.859000,2020-10-19 05:34:17.983000,2020-10-19 05:37:09.940627,124.0,171957.627,172081.627,1.17097,1.1711,MM,OANDA DIVISION1,REAL,MT4,ZMQ,EURUSD
234,2020-10-19 05:34:17.948000,2020-10-19 05:34:18.072000,2020-10-19 05:37:09.973603,124.0,171901.603,172025.603,1.17097,1.1711,MM,OANDA DIVISION1,REAL,MT4,ZMQ,EURUSD
235,2020-10-19 05:34:18.019000,2020-10-19 05:34:18.143000,2020-10-19 05:37:10.005663,124.0,171862.663,171986.663,1.17096,1.17108,MM,OANDA DIVISION1,REAL,MT4,ZMQ,EURUSD
236,2020-10-19 05:34:18.057000,2020-10-19 05:34:18.181000,2020-10-19 05:37:10.037666,124.0,171856.666,171980.666,1.17096,1.17108,MM,OANDA DIVISION1,REAL,MT4,ZMQ,EURUSD
237,2020-10-19 05:34:18.166000,2020-10-19 05:34:18.290000,2020-10-19 05:37:10.069667,124.0,171779.667,171903.667,1.17096,1.17108,MM,OANDA DIVISION1,REAL,MT4,ZMQ,EURUSD
238,2020-10-19 05:34:18.275000,2020-10-19 05:34:18.399000,2020-10-19 05:37:10.101635,124.0,171702.635,171826.635,1.17096,1.17108,MM,OANDA DIVISION1,REAL,MT4,ZMQ,EURUSD
239,2020-10-19 05:34:18.384000,2020-10-19 05:34:18.508000,2020-10-19 05:37:10.133668,124.0,171625.668,171749.668,1.17096,1.17108,MM,OANDA DIVISION1,REAL,MT4,ZMQ,EURUSD
240,2020-10-19 05:34:18.492000,2020-10-19 05:34:18.616000,2020-10-19 05:37:10.165635,124.0,171549.635,171673.635,1.17096,1.17108,MM,OANDA DIVISION1,REAL,MT4,ZMQ,EURUSD
241,2020-10-19 05:34:18.606000,2020-10-19 05:34:18.730000,2020-10-19 05:37:10.196667,124.0,171466.667,171590.667,1.17096,1.17108,MM,OANDA DIVISION1,REAL,MT4,ZMQ,EURUSD
242,2020-10-19 05:34:18.714000,2020-10-19 05:34:18.838000,2020-10-19 05:37:10.230636,124.0,171392.636,171516.636,1.17096,1.17108,MM,OANDA DIVISION1,REAL,MT4,ZMQ,EURUSD
243,2020-10-19 05:34:18.843000,2020-10-19 05:34:18.967000,2020-10-19 05:37:10.263636,124.0,171296.636,171420.636,1.17096,1.17108,MM,OANDA DIVISION1,REAL,MT4,ZMQ,EURUSD
244,2020-10-19 05:34:18.929000,2020-10-19 05:34:19.053000,2020-10-19 05:37:10.296636,124.0,171243.636,171367.636,1.17096,1.17108,MM,OANDA DIVISION1,REAL,MT4,ZMQ,EURUSD
245,2020-10-19 05:34:19.040000,2020-10-19 05:34:19.164000,2020-10-19 05:37:10.328636,124.0,171164.636,171288.636,1.17096,1.17108,MM,OANDA DIVISION1,REAL,MT4,ZMQ,EURUSD
246,2020-10-19 05:34:19.152000,2020-10-19 05:34:19.276000,2020-10-19 05:37:10.361660,124.0,171085.66,171209.66,1.17096,1.17108,MM,OANDA DIVISION1,REAL,MT4,ZMQ,EURUSD
247,2020-10-19 05:34:19.259000,2020-10-19 05:34:19.383000,2020-10-19 05:37:10.392660,124.0,171009.66,171133.66,1.17096,1.17108,MM,OANDA DIVISION1,REAL,MT4,ZMQ,EURUSD
248,2020-10-19 05:34:19.369000,2020-10-19 05:34:19.493000,2020-10-19 05:37:10.423661,124.0,170930.661,171054.661,1.17096,1.17108,MM,OANDA DIVISION1,REAL,MT4,ZMQ,EURUSD
249,2020-10-19 05:34:19.478000,2020-10-19 05:34:19.602000,2020-10-19 05:37:10.455636,124.0,170853.636,170977.636,1.17096,1.17108,MM,OANDA DIVISION1,REAL,MT4,ZMQ,EURUSD
250,2020-10-19 05:34:19.603000,2020-10-19 05:34:19.727000,2020-10-19 05:37:10.488637,124.0,170761.637,170885.637,1.17096,1.17108,MM,OANDA DIVISION1,REAL,MT4,ZMQ,EURUSD
251,2020-10-19 05:34:19.696000,2020-10-19 05:34:19.820000,2020-10-19 05:37:10.524699,124.0,170704.699,170828.699,1.17096,1.17108,MM,OANDA DIVISION1,REAL,MT4,ZMQ,EURUSD
252,2020-10-19 05:34:19.805000,2020-10-19 05:34:19.929000,2020-10-19 05:37:10.557664,124.0,170628.664,170752.664,1.17096,1.17108,MM,OANDA DIVISION1,REAL,MT4,ZMQ,EURUSD
253,2020-10-19 05:34:19.915000,2020-10-19 05:34:20.039000,2020-10-19 05:37:10.590663,124.0,170551.663,170675.663,1.17096,1.17108,MM,OANDA DIVISION1,REAL,MT4,ZMQ,EURUSD
254,2020-10-19 05:34:20.026000,2020-10-19 05:34:20.150000,2020-10-19 05:37:10.622677,124.0,170472.677,170596.677,1.17096,1.17108,MM,OANDA DIVISION1,REAL,MT4,ZMQ,EURUSD
255,2020-10-19 05:34:20.137000,2020-10-19 05:34:20.261000,2020-10-19 05:37:10.653705,124.0,170392.705,170516.705,1.17096,1.17108,MM,OANDA DIVISION1,REAL,MT4,ZMQ,EURUSD
256,2020-10-19 05:34:20.242000,2020-10-19 05:34:20.366000,2020-10-19 05:37:10.686710,124.0,170320.71,170444.71,1.17096,1.17108,MM,OANDA DIVISION1,REAL,MT4,ZMQ,EURUSD
257,2020-10-19 05:34:20.353000,2020-10-19 05:34:20.477000,2020-10-19 05:37:10.718783,124.0,170241.783,170365.783,1.17096,1.17108,MM,OANDA DIVISION1,REAL,MT4,ZMQ,EURUSD
258,2020-10-19 05:34:20.464000,2020-10-19 05:34:20.588000,2020-10-19 05:37:10.749790,124.0,170161.79,170285.79,1.17096,1.17108,MM,OANDA DIVISION1,REAL,MT4,ZMQ,EURUSD
259,2020-10-19 05:34:20.580000,2020-10-19 05:34:20.704000,2020-10-19 05:37:10.781789,124.0,170077.789,170201.789,1.17096,1.17108,MM,OANDA DIVISION1,REAL,MT4,ZMQ,EURUSD
260,2020-10-19 05:34:20.684000,2020-10-19 05:34:20.808000,2020-10-19 05:37:10.812938,124.0,170004.938,170128.938,1.17096,1.17108,MM,OANDA DIVISION1,REAL,MT4,ZMQ,EURUSD
261,2020-10-19 05:34:20.759000,2020-10-19 05:34:20.883000,2020-10-19 05:37:10.843938,124.0,169960.938,170084.938,1.17096,1.1711,MM,OANDA DIVISION1,REAL,MT4,ZMQ,EURUSD
262,2020-10-19 05:34:20.793000,2020-10-19 05:34:20.917000,2020-10-19 05:37:10.874938,124.0,169957.938,170081.938,1.17096,1.1711,MM,OANDA DIVISION1,REAL,MT4,ZMQ,EURUSD
263,2020-10-19 05:34:20.800000,2020-10-19 05:34:20.924000,2020-10-19 05:37:10.907505,124.0,169983.505,170107.505,1.17095,1.17109,MM,OANDA DIVISION1,REAL,MT4,ZMQ,EURUSD
264,2020-10-19 05:34:20.898000,2020-10-19 05:34:21.022000,2020-10-19 05:37:10.939070,124.0,169917.07,170041.07,1.17095,1.17109,MM,OANDA DIVISION1,REAL,MT4,ZMQ,EURUSD
265,2020-10-19 05:34:20.927000,2020-10-19 05:34:21.051000,2020-10-19 05:37:10.971075,124.0,169920.075,170044.075,1.17096,1.1711,MM,OANDA DIVISION1,REAL,MT4,ZMQ,EURUSD
266,2020-10-19 05:34:21.009000,2020-10-19 05:34:21.133000,2020-10-19 05:37:11.003079,124.0,169870.079,169994.079,1.17096,1.1711,MM,OANDA DIVISION1,REAL,MT4,ZMQ,EURUSD
267,2020-10-19 05:34:21.120000,2020-10-19 05:34:21.244000,2020-10-19 05:37:11.034695,124.0,169790.695,169914.695,1.17096,1.1711,MM,OANDA DIVISION1,REAL,MT4,ZMQ,EURUSD
268,2020-10-19 05:34:21.232000,2020-10-19 05:34:21.356000,2020-10-19 05:37:11.066695,124.0,169710.695,169834.695,1.17096,1.1711,MM,OANDA DIVISION1,REAL,MT4,ZMQ,EURUSD
269,2020-10-19 05:34:21.356000,2020-10-19 05:34:21.480000,2020-10-19 05:37:11.098694,124.0,169618.694,169742.694,1.17096,1.1711,MM,OANDA DIVISION1,REAL,MT4,ZMQ,EURUSD
270,2020-10-19 05:34:21.446000,2020-10-19 05:34:21.570000,2020-10-19 05:37:11.130695,124.0,169560.695,169684.695,1.17096,1.1711,MM,OANDA DIVISION1,REAL,MT4,ZMQ,EURUSD
271,2020-10-19 05:34:21.558000,2020-10-19 05:34:21.682000,2020-10-19 05:37:11.163665,124.0,169481.665,169605.665,1.17096,1.1711,MM,OANDA DIVISION1,REAL,MT4,ZMQ,EURUSD
272,2020-10-19 05:34:21.664000,2020-10-19 05:34:21.788000,2020-10-19 05:37:11.198689,124.0,169410.689,169534.689,1.17096,1.1711,MM,OANDA DIVISION1,REAL,MT4,ZMQ,EURUSD
273,2020-10-19 05:34:21.773000,2020-10-19 05:34:21.897000,2020-10-19 05:37:11.231689,124.0,169334.689,169458.689,1.17096,1.1711,MM,OANDA DIVISION1,REAL,MT4,ZMQ,EURUSD
274,2020-10-19 05:34:21.885900,2020-10-19 05:34:22.009900,2020-10-19 05:37:11.264690,124.0,169254.79,169378.79,1.17096,1.1711,MM,OANDA DIVISION1,REAL,MT4,ZMQ,EURUSD
275,2020-10-19 05:34:21.992000,2020-10-19 05:34:22.116000,2020-10-19 05:37:11.298665,124.0,169182.665,169306.665,1.17096,1.1711,MM,OANDA DIVISION1,REAL,MT4,ZMQ,EURUSD
276,2020-10-19 05:34:22.102000,2020-10-19 05:34:22.226000,2020-10-19 05:37:11.332665,124.0,169106.665,169230.665,1.17096,1.1711,MM,OANDA DIVISION1,REAL,MT4,ZMQ,EURUSD
277,2020-10-19 05:34:22.210000,2020-10-19 05:34:22.334000,2020-10-19 05:37:11.365684,124.0,169031.684,169155.684,1.17096,1.1711,MM,OANDA DIVISION1,REAL,MT4,ZMQ,EURUSD
278,2020-10-19 05:34:22.354000,2020-10-19 05:34:22.478000,2020-10-19 05:37:11.397687,124.0,168919.687,169043.687,1.17096,1.1711,MM,OANDA DIVISION1,REAL,MT4,ZMQ,EURUSD
279,2020-10-19 05:34:22.429000,2020-10-19 05:34:22.553000,2020-10-19 05:37:11.430693,124.0,168877.693,169001.693,1.17096,1.1711,MM,OANDA DIVISION1,REAL,MT4,ZMQ,EURUSD
280,2020-10-19 05:34:22.542000,2020-10-19 05:34:22.666000,2020-10-19 05:37:11.464693,124.0,168798.693,168922.693,1.17096,1.1711,MM,OANDA DIVISION1,REAL,MT4,ZMQ,EURUSD
281,2020-10-19 05:34:22.648000,2020-10-19 05:34:22.772000,2020-10-19 05:37:11.497717,124.0,168725.717,168849.717,1.17096,1.1711,MM,OANDA DIVISION1,REAL,MT4,ZMQ,EURUSD
282,2020-10-19 05:34:22.760000,2020-10-19 05:34:22.884000,2020-10-19 05:37:11.529719,124.0,168645.719,168769.719,1.17096,1.1711,MM,OANDA DIVISION1,REAL,MT4,ZMQ,EURUSD
283,2020-10-19 05:34:22.868000,2020-10-19 05:34:22.992000,2020-10-19 05:37:11.560718,124.0,168568.718,168692.718,1.17096,1.1711,MM,OANDA DIVISION1,REAL,MT4,ZMQ,EURUSD
284,2020-10-19 05:34:22.977000,2020-10-19 05:34:23.101000,2020-10-19 05:37:11.593719,124.0,168492.719,168616.719,1.17096,1.1711,MM,OANDA DIVISION1,REAL,MT4,ZMQ,EURUSD
285,2020-10-19 05:34:23.098000,2020-10-19 05:34:23.222000,2020-10-19 05:37:11.625718,124.0,168403.718,168527.718,1.17096,1.1711,MM,OANDA DIVISION1,REAL,MT4,ZMQ,EURUSD
286,2020-10-19 05:34:23.196000,2020-10-19 05:34:23.320000,2020-10-19 05:37:11.658718,124.0,168338.718,168462.718,1.17096,1.1711,MM,OANDA DIVISION1,REAL,MT4,ZMQ,EURUSD
287,2020-10-19 05:34:23.307000,2020-10-19 05:34:23.431000,2020-10-19 05:37:11.690723,124.0,168259.723,168383.723,1.17096,1.1711,MM,OANDA DIVISION1,REAL,MT4,ZMQ,EURUSD
288,2020-10-19 05:34:23.415000,2020-10-19 05:34:23.539000,2020-10-19 05:37:11.723652,124.0,168184.652,168308.652,1.17096,1.1711,MM,OANDA DIVISION1,REAL,MT4,ZMQ,EURUSD
289,2020-10-19 05:34:23.525000,2020-10-19 05:34:23.649000,2020-10-19 05:37:11.755677,124.0,168106.677,168230.677,1.17096,1.1711,MM,OANDA DIVISION1,REAL,MT4,ZMQ,EURUSD
290,2020-10-19 05:34:23.636000,2020-10-19 05:34:23.760000,2020-10-19 05:37:11.788653,124.0,168028.653,168152.653,1.17096,1.1711,MM,OANDA DIVISION1,REAL,MT4,ZMQ,EURUSD
291,2020-10-19 05:34:23.743000,2020-10-19 05:34:23.867000,2020-10-19 05:37:11.822300,124.0,167955.3,168079.3,1.17096,1.1711,MM,OANDA DIVISION1,REAL,MT4,ZMQ,EURUSD
292,2020-10-19 05:34:23.852000,2020-10-19 05:34:23.976000,2020-10-19 05:37:11.856272,124.0,167880.272,168004.272,1.17096,1.1711,MM,OANDA DIVISION1,REAL,MT4,ZMQ,EURUSD
293,2020-10-19 05:34:23.960000,2020-10-19 05:34:24.084000,2020-10-19 05:37:11.889273,124.0,167805.273,167929.273,1.17096,1.1711,MM,OANDA DIVISION1,REAL,MT4,ZMQ,EURUSD
294,2020-10-19 05:34:24.100000,2020-10-19 05:34:24.224000,2020-10-19 05:37:11.921854,124.0,167697.854,167821.854,1.17096,1.1711,MM,OANDA DIVISION1,REAL,MT4,ZMQ,EURUSD
295,2020-10-19 05:34:24.179000,2020-10-19 05:34:24.303000,2020-10-19 05:37:11.955344,124.0,167652.344,167776.344,1.17096,1.1711,MM,OANDA DIVISION1,REAL,MT4,ZMQ,EURUSD
296,2020-10-19 05:34:24.290000,2020-10-19 05:34:24.414000,2020-10-19 05:37:11.989369,124.0,167575.369,167699.369,1.17096,1.1711,MM,OANDA DIVISION1,REAL,MT4,ZMQ,EURUSD
297,2020-10-19 05:34:24.400000,2020-10-19 05:34:24.524000,2020-10-19 05:37:12.022386,124.0,167498.386,167622.386,1.17096,1.1711,MM,OANDA DIVISION1,REAL,MT4,ZMQ,EURUSD
298,2020-10-19 05:34:24.511000,2020-10-19 05:34:24.635000,2020-10-19 05:37:12.055411,124.0,167420.411,167544.411,1.17096,1.1711,MM,OANDA DIVISION1,REAL,MT4,ZMQ,EURUSD
299,2020-10-19 05:34:24.619000,2020-10-19 05:34:24.743000,2020-10-19 05:37:12.089385,124.0,167346.385,167470.385,1.17096,1.1711,MM,OANDA DIVISION1,REAL,MT4,ZMQ,EURUSD
300,2020-10-19 05:34:24.729000,2020-10-19 05:34:24.853000,2020-10-19 05:37:12.129385,124.0,167276.385,167400.385,1.17096,1.1711,MM,OANDA DIVISION1,REAL,MT4,ZMQ,EURUSD
301,2020-10-19 05:34:24.837000,2020-10-19 05:34:24.961000,2020-10-19 05:37:12.161385,124.0,167200.385,167324.385,1.17096,1.1711,MM,OANDA DIVISION1,REAL,MT4,ZMQ,EURUSD
302,2020-10-19 05:34:24.947000,2020-10-19 05:34:25.071000,2020-10-19 05:37:12.195385,124.0,167124.385,167248.385,1.17096,1.1711,MM,OANDA DIVISION1,REAL,MT4,ZMQ,EURUSD
303,2020-10-19 05:34:25.054000,2020-10-19 05:34:25.178000,2020-10-19 05:37:12.227385,124.0,167049.385,167173.385,1.17096,1.1711,MM,OANDA DIVISION1,REAL,MT4,ZMQ,EURUSD
304,2020-10-19 05:34:25.167000,2020-10-19 05:34:25.291000,2020-10-19 05:37:12.261384,124.0,166970.384,167094.384,1.17096,1.1711,MM,OANDA DIVISION1,REAL,MT4,ZMQ,EURUSD
305,2020-10-19 05:34:25.275000,2020-10-19 05:34:25.399000,2020-10-19 05:37:12.295385,124.0,166896.385,167020.385,1.17096,1.1711,MM,OANDA DIVISION1,REAL,MT4,ZMQ,EURUSD
306,2020-10-19 05:34:25.383000,2020-10-19 05:34:25.507000,2020-10-19 05:37:12.327984,124.0,166820.984,166944.984,1.17096,1.1711,MM,OANDA DIVISION1,REAL,MT4,ZMQ,EURUSD
307,2020-10-19 05:34:25.494000,2020-10-19 05:34:25.618000,2020-10-19 05:37:12.359958,124.0,166741.958,166865.958,1.17096,1.1711,MM,OANDA DIVISION1,REAL,MT4,ZMQ,EURUSD
308,2020-10-19 05:34:25.602000,2020-10-19 05:34:25.726000,2020-10-19 05:37:12.391983,124.0,166665.983,166789.983,1.17096,1.1711,MM,OANDA DIVISION1,REAL,MT4,ZMQ,EURUSD
309,2020-10-19 05:34:25.711000,2020-10-19 05:34:25.835000,2020-10-19 05:37:12.424549,124.0,166589.549,166713.549,1.17096,1.1711,MM,OANDA DIVISION1,REAL,MT4,ZMQ,EURUSD
310,2020-10-19 05:34:25.836000,2020-10-19 05:34:25.960000,2020-10-19 05:37:12.456522,124.0,166496.522,166620.522,1.17096,1.1711,MM,OANDA DIVISION1,REAL,MT4,ZMQ,EURUSD
311,2020-10-19 05:34:25.929000,2020-10-19 05:34:26.053000,2020-10-19 05:37:12.489549,124.0,166436.549,166560.549,1.17096,1.1711,MM,OANDA DIVISION1,REAL,MT4,ZMQ,EURUSD
312,2020-10-19 05:34:26.038000,2020-10-19 05:34:26.162000,2020-10-19 05:37:12.522550,124.0,166360.55,166484.55,1.17096,1.1711,MM,OANDA DIVISION1,REAL,MT4,ZMQ,EURUSD
313,2020-10-19 05:34:26.149000,2020-10-19 05:34:26.273000,2020-10-19 05:37:12.554548,124.0,166281.548,166405.548,1.17096,1.1711,MM,OANDA DIVISION1,REAL,MT4,ZMQ,EURUSD
314,2020-10-19 05:34:26.260000,2020-10-19 05:34:26.384000,2020-10-19 05:37:12.586548,124.0,166202.548,166326.548,1.17096,1.1711,MM,OANDA DIVISION1,REAL,MT4,ZMQ,EURUSD
315,2020-10-19 05:34:26.369000,2020-10-19 05:34:26.493000,2020-10-19 05:37:12.619036,124.0,166126.036,166250.036,1.17096,1.1711,MM,OANDA DIVISION1,REAL,MT4,ZMQ,EURUSD
316,2020-10-19 05:34:26.477000,2020-10-19 05:34:26.601000,2020-10-19 05:37:12.652061,124.0,166051.061,166175.061,1.17096,1.1711,MM,OANDA DIVISION1,REAL,MT4,ZMQ,EURUSD
317,2020-10-19 05:34:26.607000,2020-10-19 05:34:26.731000,2020-10-19 05:37:12.683635,124.0,165952.635,166076.635,1.17096,1.1711,MM,OANDA DIVISION1,REAL,MT4,ZMQ,EURUSD
318,2020-10-19 05:34:26.696000,2020-10-19 05:34:26.820000,2020-10-19 05:37:12.716669,124.0,165896.669,166020.669,1.17096,1.1711,MM,OANDA DIVISION1,REAL,MT4,ZMQ,EURUSD
319,2020-10-19 05:34:26.804000,2020-10-19 05:34:26.928000,2020-10-19 05:37:12.748644,124.0,165820.644,165944.644,1.17096,1.1711,MM,OANDA DIVISION1,REAL,MT4,ZMQ,EURUSD
320,2020-10-19 05:34:26.914000,2020-10-19 05:34:27.038000,2020-10-19 05:37:12.781644,124.0,165743.644,165867.644,1.17096,1.1711,MM,OANDA DIVISION1,REAL,MT4,ZMQ,EURUSD
321,2020-10-19 05:34:27.024000,2020-10-19 05:34:27.148000,2020-10-19 05:37:12.814155,124.0,165666.155,165790.155,1.17096,1.1711,MM,OANDA DIVISION1,REAL,MT4,ZMQ,EURUSD
322,2020-10-19 05:34:27.136000,2020-10-19 05:34:27.260000,2020-10-19 05:37:12.846153,124.0,165586.153,165710.153,1.17096,1.1711,MM,OANDA DIVISION1,REAL,MT4,ZMQ,EURUSD
323,2020-10-19 05:34:27.243000,2020-10-19 05:34:27.367000,2020-10-19 05:37:12.878177,124.0,165511.177,165635.177,1.17096,1.1711,MM,OANDA DIVISION1,REAL,MT4,ZMQ,EURUSD
324,2020-10-19 05:34:27.352000,2020-10-19 05:34:27.476000,2020-10-19 05:37:12.910177,124.0,165434.177,165558.177,1.17096,1.1711,MM,OANDA DIVISION1,REAL,MT4,ZMQ,EURUSD
325,2020-10-19 05:34:27.461000,2020-10-19 05:34:27.585000,2020-10-19 05:37:12.942292,124.0,165357.292,165481.292,1.17096,1.1711,MM,OANDA DIVISION1,REAL,MT4,ZMQ,EURUSD
326,2020-10-19 05:34:27.603000,2020-10-19 05:34:27.727000,2020-10-19 05:37:12.975290,124.0,165248.29,165372.29,1.17096,1.1711,MM,OANDA DIVISION1,REAL,MT4,ZMQ,EURUSD
327,2020-10-19 05:34:27.683000,2020-10-19 05:34:27.807000,2020-10-19 05:37:13.006290,124.0,165199.29,165323.29,1.17096,1.1711,MM,OANDA DIVISION1,REAL,MT4,ZMQ,EURUSD
328,2020-10-19 05:34:27.791000,2020-10-19 05:34:27.915000,2020-10-19 05:37:13.037856,124.0,165122.856,165246.856,1.17096,1.1711,MM,OANDA DIVISION1,REAL,MT4,ZMQ,EURUSD
329,2020-10-19 05:34:27.901000,2020-10-19 05:34:28.025000,2020-10-19 05:37:13.069856,124.0,165044.856,165168.856,1.17096,1.1711,MM,OANDA DIVISION1,REAL,MT4,ZMQ,EURUSD
330,2020-10-19 05:34:28.011000,2020-10-19 05:34:28.135000,2020-10-19 05:37:13.101862,124.0,164966.862,165090.862,1.17096,1.1711,MM,OANDA DIVISION1,REAL,MT4,ZMQ,EURUSD
331,2020-10-19 05:34:28.119000,2020-10-19 05:34:28.243000,2020-10-19 05:37:13.134429,124.0,164891.429,165015.429,1.17096,1.1711,MM,OANDA DIVISION1,REAL,MT4,ZMQ,EURUSD
332,2020-10-19 05:34:28.228000,2020-10-19 05:34:28.352000,2020-10-19 05:37:13.166404,124.0,164814.404,164938.404,1.17096,1.1711,MM,OANDA DIVISION1,REAL,MT4,ZMQ,EURUSD
333,2020-10-19 05:34:28.339000,2020-10-19 05:34:28.463000,2020-10-19 05:37:13.199404,124.0,164736.404,164860.404,1.17096,1.1711,MM,OANDA DIVISION1,REAL,MT4,ZMQ,EURUSD
334,2020-10-19 05:34:28.447000,2020-10-19 05:34:28.571000,2020-10-19 05:37:13.231442,124.0,164660.442,164784.442,1.17096,1.1711,MM,OANDA DIVISION1,REAL,MT4,ZMQ,EURUSD
335,2020-10-19 05:34:28.558000,2020-10-19 05:34:28.682000,2020-10-19 05:37:13.264429,124.0,164582.429,164706.429,1.17096,1.1711,MM,OANDA DIVISION1,REAL,MT4,ZMQ,EURUSD
336,2020-10-19 05:34:28.664000,2020-10-19 05:34:28.788000,2020-10-19 05:37:13.295432,124.0,164507.432,164631.432,1.17096,1.1711,MM,OANDA DIVISION1,REAL,MT4,ZMQ,EURUSD
337,2020-10-19 05:34:28.774000,2020-10-19 05:34:28.898000,2020-10-19 05:37:13.328404,124.0,164430.404,164554.404,1.17096,1.1711,MM,OANDA DIVISION1,REAL,MT4,ZMQ,EURUSD
338,2020-10-19 05:34:28.883700,2020-10-19 05:34:29.007700,2020-10-19 05:37:13.361404,124.0,164353.704,164477.704,1.17096,1.1711,MM,OANDA DIVISION1,REAL,MT4,ZMQ,EURUSD
339,2020-10-19 05:34:28.992000,2020-10-19 05:34:29.116000,2020-10-19 05:37:13.396405,124.0,164280.405,164404.405,1.17096,1.1711,MM,OANDA DIVISION1,REAL,MT4,ZMQ,EURUSD
340,2020-10-19 05:34:29.103000,2020-10-19 05:34:29.227000,2020-10-19 05:37:13.431403,124.0,164204.403,164328.403,1.17096,1.1711,MM,OANDA DIVISION1,REAL,MT4,ZMQ,EURUSD
341,2020-10-19 05:34:29.211000,2020-10-19 05:34:29.335000,2020-10-19 05:37:13.465403,124.0,164130.403,164254.403,1.17096,1.1711,MM,OANDA DIVISION1,REAL,MT4,ZMQ,EURUSD
342,2020-10-19 05:34:29.345000,2020-10-19 05:34:29.469000,2020-10-19 05:37:13.498404,124.0,164029.404,164153.404,1.17096,1.1711,MM,OANDA DIVISION1,REAL,MT4,ZMQ,EURUSD
343,2020-10-19 05:34:29.430000,2020-10-19 05:34:29.554000,2020-10-19 05:37:13.532429,124.0,163978.429,164102.429,1.17096,1.1711,MM,OANDA DIVISION1,REAL,MT4,ZMQ,EURUSD
344,2020-10-19 05:34:29.539000,2020-10-19 05:34:29.663000,2020-10-19 05:37:13.566404,124.0,163903.404,164027.404,1.17096,1.1711,MM,OANDA DIVISION1,REAL,MT4,ZMQ,EURUSD
345,2020-10-19 05:34:29.648000,2020-10-19 05:34:29.772000,2020-10-19 05:37:13.600405,124.0,163828.405,163952.405,1.17096,1.1711,MM,OANDA DIVISION1,REAL,MT4,ZMQ,EURUSD
346,2020-10-19 05:34:29.761000,2020-10-19 05:34:29.885000,2020-10-19 05:37:13.633920,124.0,163748.92,163872.92,1.17096,1.1711,MM,OANDA DIVISION1,REAL,MT4,ZMQ,EURUSD
347,2020-10-19 05:34:29.870000,2020-10-19 05:34:29.994000,2020-10-19 05:37:13.668919,124.0,163674.919,163798.919,1.17096,1.1711,MM,OANDA DIVISION1,REAL,MT4,ZMQ,EURUSD
348,2020-10-19 05:34:29.977000,2020-10-19 05:34:30.101000,2020-10-19 05:37:13.702919,124.0,163601.919,163725.919,1.17096,1.1711,MM,OANDA DIVISION1,REAL,MT4,ZMQ,EURUSD
349,2020-10-19 05:34:30.089000,2020-10-19 05:34:30.213000,2020-10-19 05:37:13.737918,124.0,163524.918,163648.918,1.17096,1.1711,MM,OANDA DIVISION1,REAL,MT4,ZMQ,EURUSD
350,2020-10-19 05:34:30.196000,2020-10-19 05:34:30.320000,2020-10-19 05:37:13.773918,124.0,163453.918,163577.918,1.17096,1.1711,MM,OANDA DIVISION1,REAL,MT4,ZMQ,EURUSD
351,2020-10-19 05:34:30.304000,2020-10-19 05:34:30.428000,2020-10-19 05:37:13.807919,124.0,163379.919,163503.919,1.17096,1.1711,MM,OANDA DIVISION1,REAL,MT4,ZMQ,EURUSD
352,2020-10-19 05:34:30.415000,2020-10-19 05:34:30.539000,2020-10-19 05:37:13.844235,124.0,163305.235,163429.235,1.17096,1.1711,MM,OANDA DIVISION1,REAL,MT4,ZMQ,EURUSD
353,2020-10-19 05:34:30.523000,2020-10-19 05:34:30.647000,2020-10-19 05:37:13.880235,124.0,163233.235,163357.235,1.17096,1.1711,MM,OANDA DIVISION1,REAL,MT4,ZMQ,EURUSD
354,2020-10-19 05:34:30.633000,2020-10-19 05:34:30.757000,2020-10-19 05:37:13.915235,124.0,163158.235,163282.235,1.17096,1.1711,MM,OANDA DIVISION1,REAL,MT4,ZMQ,EURUSD
355,2020-10-19 05:34:30.743000,2020-10-19 05:34:30.867000,2020-10-19 05:37:13.950209,124.0,163083.209,163207.209,1.17096,1.1711,MM,OANDA DIVISION1,REAL,MT4,ZMQ,EURUSD
356,2020-10-19 05:34:30.851000,2020-10-19 05:34:30.975000,2020-10-19 05:37:13.982235,124.0,163007.235,163131.235,1.17096,1.1711,MM,OANDA DIVISION1,REAL,MT4,ZMQ,EURUSD
357,2020-10-19 05:34:30.964000,2020-10-19 05:34:31.088000,2020-10-19 05:37:14.014234,124.0,162926.234,163050.234,1.17096,1.1711,MM,OANDA DIVISION1,REAL,MT4,ZMQ,EURUSD
358,2020-10-19 05:34:31.099000,2020-10-19 05:34:31.223000,2020-10-19 05:37:14.047268,124.0,162824.268,162948.268,1.17096,1.1711,MM,OANDA DIVISION1,REAL,MT4,ZMQ,EURUSD
359,2020-10-19 05:34:31.183000,2020-10-19 05:34:31.307000,2020-10-19 05:37:14.079269,124.0,162772.269,162896.269,1.17096,1.1711,MM,OANDA DIVISION1,REAL,MT4,ZMQ,EURUSD
360,2020-10-19 05:34:31.293000,2020-10-19 05:34:31.417000,2020-10-19 05:37:14.110270,124.0,162693.27,162817.27,1.17096,1.1711,MM,OANDA DIVISION1,REAL,MT4,ZMQ,EURUSD
361,2020-10-19 05:34:31.400000,2020-10-19 05:34:31.524000,2020-10-19 05:37:14.143269,124.0,162619.269,162743.269,1.17096,1.1711,MM,OANDA DIVISION1,REAL,MT4,ZMQ,EURUSD
362,2020-10-19 05:34:31.510000,2020-10-19 05:34:31.634000,2020-10-19 05:37:14.174268,124.0,162540.268,162664.268,1.17096,1.1711,MM,OANDA DIVISION1,REAL,MT4,ZMQ,EURUSD
363,2020-10-19 05:34:31.620000,2020-10-19 05:34:31.744000,2020-10-19 05:37:14.205243,124.0,162461.243,162585.243,1.17096,1.1711,MM,OANDA DIVISION1,REAL,MT4,ZMQ,EURUSD
364,2020-10-19 05:34:31.727000,2020-10-19 05:34:31.851000,2020-10-19 05:37:14.238304,124.0,162387.304,162511.304,1.17096,1.1711,MM,OANDA DIVISION1,REAL,MT4,ZMQ,EURUSD
365,2020-10-19 05:34:31.850000,2020-10-19 05:34:31.974000,2020-10-19 05:37:14.269310,124.0,162295.31,162419.31,1.17096,1.1711,MM,OANDA DIVISION1,REAL,MT4,ZMQ,EURUSD
366,2020-10-19 05:34:31.947000,2020-10-19 05:34:32.071000,2020-10-19 05:37:14.302276,124.0,162231.276,162355.276,1.17096,1.1711,MM,OANDA DIVISION1,REAL,MT4,ZMQ,EURUSD
367,2020-10-19 05:34:32.055000,2020-10-19 05:34:32.179000,2020-10-19 05:37:14.334300,124.0,162155.3,162279.3,1.17096,1.1711,MM,OANDA DIVISION1,REAL,MT4,ZMQ,EURUSD
368,2020-10-19 05:34:32.166000,2020-10-19 05:34:32.290000,2020-10-19 05:37:14.366299,124.0,162076.299,162200.299,1.17096,1.1711,MM,OANDA DIVISION1,REAL,MT4,ZMQ,EURUSD
369,2020-10-19 05:34:32.274000,2020-10-19 05:34:32.398000,2020-10-19 05:37:14.397303,124.0,161999.303,162123.303,1.17096,1.1711,MM,OANDA DIVISION1,REAL,MT4,ZMQ,EURUSD
370,2020-10-19 05:34:32.384000,2020-10-19 05:34:32.508000,2020-10-19 05:37:14.428345,124.0,161920.345,162044.345,1.17096,1.1711,MM,OANDA DIVISION1,REAL,MT4,ZMQ,EURUSD
371,2020-10-19 05:34:32.493000,2020-10-19 05:34:32.617000,2020-10-19 05:37:14.461315,124.0,161844.315,161968.315,1.17096,1.1711,MM,OANDA DIVISION1,REAL,MT4,ZMQ,EURUSD
372,2020-10-19 05:34:32.602000,2020-10-19 05:34:32.726000,2020-10-19 05:37:14.493316,124.0,161767.316,161891.316,1.17096,1.1711,MM,OANDA DIVISION1,REAL,MT4,ZMQ,EURUSD
373,2020-10-19 05:34:32.711000,2020-10-19 05:34:32.835000,2020-10-19 05:37:14.526340,124.0,161691.34,161815.34,1.17096,1.1711,MM,OANDA DIVISION1,REAL,MT4,ZMQ,EURUSD
374,2020-10-19 05:34:32.833000,2020-10-19 05:34:32.957000,2020-10-19 05:37:14.558339,124.0,161601.339,161725.339,1.17096,1.1711,MM,OANDA DIVISION1,REAL,MT4,ZMQ,EURUSD
375,2020-10-19 05:34:32.930000,2020-10-19 05:34:33.054000,2020-10-19 05:37:14.589340,124.0,161535.34,161659.34,1.17096,1.1711,MM,OANDA DIVISION1,REAL,MT4,ZMQ,EURUSD
376,2020-10-19 05:34:33.043000,2020-10-19 05:34:33.167000,2020-10-19 05:37:14.621339,124.0,161454.339,161578.339,1.17096,1.1711,MM,OANDA DIVISION1,REAL,MT4,ZMQ,EURUSD
377,2020-10-19 05:34:33.148000,2020-10-19 05:34:33.272000,2020-10-19 05:37:14.654373,124.0,161382.373,161506.373,1.17096,1.1711,MM,OANDA DIVISION1,REAL,MT4,ZMQ,EURUSD
378,2020-10-19 05:34:33.258000,2020-10-19 05:34:33.382000,2020-10-19 05:37:14.687348,124.0,161305.348,161429.348,1.17096,1.1711,MM,OANDA DIVISION1,REAL,MT4,ZMQ,EURUSD
379,2020-10-19 05:34:33.368000,2020-10-19 05:34:33.492000,2020-10-19 05:37:14.720348,124.0,161228.348,161352.348,1.17096,1.1711,MM,OANDA DIVISION1,REAL,MT4,ZMQ,EURUSD
380,2020-10-19 05:34:33.476000,2020-10-19 05:34:33.600000,2020-10-19 05:37:14.753348,124.0,161153.348,161277.348,1.17096,1.1711,MM,OANDA DIVISION1,REAL,MT4,ZMQ,EURUSD
381,2020-10-19 05:34:33.606000,2020-10-19 05:34:33.730000,2020-10-19 05:37:14.785372,124.0,161055.372,161179.372,1.17096,1.1711,MM,OANDA DIVISION1,REAL,MT4,ZMQ,EURUSD
382,2020-10-19 05:34:33.697000,2020-10-19 05:34:33.821000,2020-10-19 05:37:14.816371,124.0,160995.371,161119.371,1.17096,1.1711,MM,OANDA DIVISION1,REAL,MT4,ZMQ,EURUSD
383,2020-10-19 05:34:33.805000,2020-10-19 05:34:33.929000,2020-10-19 05:37:14.847407,124.0,160918.407,161042.407,1.17096,1.1711,MM,OANDA DIVISION1,REAL,MT4,ZMQ,EURUSD
384,2020-10-19 05:34:33.915000,2020-10-19 05:34:34.039000,2020-10-19 05:37:14.879408,124.0,160840.408,160964.408,1.17096,1.1711,MM,OANDA DIVISION1,REAL,MT4,ZMQ,EURUSD
385,2020-10-19 05:34:34.026000,2020-10-19 05:34:34.150000,2020-10-19 05:37:14.912408,124.0,160762.408,160886.408,1.17096,1.1711,MM,OANDA DIVISION1,REAL,MT4,ZMQ,EURUSD
386,2020-10-19 05:34:34.128000,2020-10-19 05:34:34.252000,2020-10-19 05:37:14.944442,124.0,160692.442,160816.442,1.17097,1.17111,MM,OANDA DIVISION1,REAL,MT4,ZMQ,EURUSD
387,2020-10-19 05:34:34.138000,2020-10-19 05:34:34.262000,2020-10-19 05:37:14.978417,124.0,160716.417,160840.417,1.17097,1.17111,MM,OANDA DIVISION1,REAL,MT4,ZMQ,EURUSD
388,2020-10-19 05:34:34.247000,2020-10-19 05:34:34.371000,2020-10-19 05:37:15.011417,124.0,160640.417,160764.417,1.17097,1.17111,MM,OANDA DIVISION1,REAL,MT4,ZMQ,EURUSD
389,2020-10-19 05:34:34.352000,2020-10-19 05:34:34.476000,2020-10-19 05:37:15.043417,124.0,160567.417,160691.417,1.17097,1.17111,MM,OANDA DIVISION1,REAL,MT4,ZMQ,EURUSD
390,2020-10-19 05:34:34.462000,2020-10-19 05:34:34.586000,2020-10-19 05:37:15.075446,124.0,160489.446,160613.446,1.17097,1.17111,MM,OANDA DIVISION1,REAL,MT4,ZMQ,EURUSD
391,2020-10-19 05:34:34.580000,2020-10-19 05:34:34.704000,2020-10-19 05:37:15.106446,124.0,160402.446,160526.446,1.17097,1.17111,MM,OANDA DIVISION1,REAL,MT4,ZMQ,EURUSD
392,2020-10-19 05:34:34.681000,2020-10-19 05:34:34.805000,2020-10-19 05:37:15.138488,124.0,160333.488,160457.488,1.17097,1.17111,MM,OANDA DIVISION1,REAL,MT4,ZMQ,EURUSD
393,2020-10-19 05:34:34.789000,2020-10-19 05:34:34.913000,2020-10-19 05:37:15.169487,124.0,160256.487,160380.487,1.17097,1.17111,MM,OANDA DIVISION1,REAL,MT4,ZMQ,EURUSD
394,2020-10-19 05:34:34.898000,2020-10-19 05:34:35.022000,2020-10-19 05:37:15.201457,124.0,160179.457,160303.457,1.17097,1.17111,MM,OANDA DIVISION1,REAL,MT4,ZMQ,EURUSD
395,2020-10-19 05:34:35.007000,2020-10-19 05:34:35.131000,2020-10-19 05:37:15.233489,124.0,160102.489,160226.489,1.17097,1.17111,MM,OANDA DIVISION1,REAL,MT4,ZMQ,EURUSD
396,2020-10-19 05:34:35.120000,2020-10-19 05:34:35.244000,2020-10-19 05:37:15.265483,124.0,160021.483,160145.483,1.17097,1.17111,MM,OANDA DIVISION1,REAL,MT4,ZMQ,EURUSD
397,2020-10-19 05:34:35.229000,2020-10-19 05:34:35.353000,2020-10-19 05:37:15.297457,124.0,159944.457,160068.457,1.17097,1.17111,MM,OANDA DIVISION1,REAL,MT4,ZMQ,EURUSD
398,2020-10-19 05:34:35.340000,2020-10-19 05:34:35.464000,2020-10-19 05:37:15.330054,124.0,159866.054,159990.054,1.17097,1.17111,MM,OANDA DIVISION1,REAL,MT4,ZMQ,EURUSD
399,2020-10-19 05:34:35.446000,2020-10-19 05:34:35.570000,2020-10-19 05:37:15.362022,124.0,159792.022,159916.022,1.17097,1.17111,MM,OANDA DIVISION1,REAL,MT4,ZMQ,EURUSD
400,2020-10-19 05:34:35.556000,2020-10-19 05:34:35.680000,2020-10-19 05:37:15.403048,124.0,159723.048,159847.048,1.17097,1.17111,MM,OANDA DIVISION1,REAL,MT4,ZMQ,EURUSD
401,2020-10-19 05:34:35.667000,2020-10-19 05:34:35.791000,2020-10-19 05:37:15.435023,124.0,159644.023,159768.023,1.17097,1.17111,MM,OANDA DIVISION1,REAL,MT4,ZMQ,EURUSD
402,2020-10-19 05:34:35.774000,2020-10-19 05:34:35.898000,2020-10-19 05:37:15.467047,124.0,159569.047,159693.047,1.17097,1.17111,MM,OANDA DIVISION1,REAL,MT4,ZMQ,EURUSD
403,2020-10-19 05:34:35.884800,2020-10-19 05:34:36.008800,2020-10-19 05:37:15.498047,124.0,159489.247,159613.247,1.17097,1.17111,MM,OANDA DIVISION1,REAL,MT4,ZMQ,EURUSD
404,2020-10-19 05:34:35.993000,2020-10-19 05:34:36.117000,2020-10-19 05:37:15.530054,124.0,159413.054,159537.054,1.17097,1.17111,MM,OANDA DIVISION1,REAL,MT4,ZMQ,EURUSD
405,2020-10-19 05:34:36.104000,2020-10-19 05:34:36.228000,2020-10-19 05:37:15.562022,124.0,159334.022,159458.022,1.17097,1.17111,MM,OANDA DIVISION1,REAL,MT4,ZMQ,EURUSD
406,2020-10-19 05:34:36.211000,2020-10-19 05:34:36.335000,2020-10-19 05:37:15.594052,124.0,159259.052,159383.052,1.17097,1.17111,MM,OANDA DIVISION1,REAL,MT4,ZMQ,EURUSD
407,2020-10-19 05:34:36.337000,2020-10-19 05:34:36.461000,2020-10-19 05:37:15.626049,124.0,159165.049,159289.049,1.17097,1.17111,MM,OANDA DIVISION1,REAL,MT4,ZMQ,EURUSD
408,2020-10-19 05:34:36.430000,2020-10-19 05:34:36.554000,2020-10-19 05:37:15.658047,124.0,159104.047,159228.047,1.17097,1.17111,MM,OANDA DIVISION1,REAL,MT4,ZMQ,EURUSD
409,2020-10-19 05:34:36.540000,2020-10-19 05:34:36.664000,2020-10-19 05:37:15.690021,124.0,159026.021,159150.021,1.17097,1.17111,MM,OANDA DIVISION1,REAL,MT4,ZMQ,EURUSD
410,2020-10-19 05:34:36.649000,2020-10-19 05:34:36.773000,2020-10-19 05:37:15.723047,124.0,158950.047,159074.047,1.17097,1.17111,MM,OANDA DIVISION1,REAL,MT4,ZMQ,EURUSD
411,2020-10-19 05:34:36.766000,2020-10-19 05:34:36.890000,2020-10-19 05:37:15.755048,124.0,158865.048,158989.048,1.17097,1.17111,MM,OANDA DIVISION1,REAL,MT4,ZMQ,EURUSD
412,2020-10-19 05:34:36.868000,2020-10-19 05:34:36.992000,2020-10-19 05:37:15.788054,124.0,158796.054,158920.054,1.17097,1.17111,MM,OANDA DIVISION1,REAL,MT4,ZMQ,EURUSD
413,2020-10-19 05:34:36.977000,2020-10-19 05:34:37.101000,2020-10-19 05:37:15.821049,124.0,158720.049,158844.049,1.17097,1.17111,MM,OANDA DIVISION1,REAL,MT4,ZMQ,EURUSD
414,2020-10-19 05:34:37.108000,2020-10-19 05:34:37.232000,2020-10-19 05:37:15.855045,124.0,158623.045,158747.045,1.17097,1.17111,MM,OANDA DIVISION1,REAL,MT4,ZMQ,EURUSD
415,2020-10-19 05:34:37.195000,2020-10-19 05:34:37.319000,2020-10-19 05:37:15.888051,124.0,158569.051,158693.051,1.17097,1.17111,MM,OANDA DIVISION1,REAL,MT4,ZMQ,EURUSD
416,2020-10-19 05:34:37.306000,2020-10-19 05:34:37.430000,2020-10-19 05:37:15.920053,124.0,158490.053,158614.053,1.17097,1.17111,MM,OANDA DIVISION1,REAL,MT4,ZMQ,EURUSD
417,2020-10-19 05:34:37.414000,2020-10-19 05:34:37.538000,2020-10-19 05:37:15.952021,124.0,158414.021,158538.021,1.17097,1.17111,MM,OANDA DIVISION1,REAL,MT4,ZMQ,EURUSD
418,2020-10-19 05:34:37.526000,2020-10-19 05:34:37.650000,2020-10-19 05:37:15.984053,124.0,158334.053,158458.053,1.17097,1.17111,MM,OANDA DIVISION1,REAL,MT4,ZMQ,EURUSD
419,2020-10-19 05:34:37.632000,2020-10-19 05:34:37.756000,2020-10-19 05:37:16.016052,124.0,158260.052,158384.052,1.17097,1.17111,MM,OANDA DIVISION1,REAL,MT4,ZMQ,EURUSD
420,2020-10-19 05:34:37.747000,2020-10-19 05:34:37.871000,2020-10-19 05:37:16.048629,124.0,158177.629,158301.629,1.17097,1.17111,MM,OANDA DIVISION1,REAL,MT4,ZMQ,EURUSD
421,2020-10-19 05:34:37.853000,2020-10-19 05:34:37.977000,2020-10-19 05:37:16.079627,124.0,158102.627,158226.627,1.17097,1.17111,MM,OANDA DIVISION1,REAL,MT4,ZMQ,EURUSD
422,2020-10-19 05:34:37.962000,2020-10-19 05:34:38.086000,2020-10-19 05:37:16.112629,124.0,158026.629,158150.629,1.17097,1.17111,MM,OANDA DIVISION1,REAL,MT4,ZMQ,EURUSD
423,2020-10-19 05:34:38.087000,2020-10-19 05:34:38.211000,2020-10-19 05:37:16.144627,124.0,157933.627,158057.627,1.17097,1.17111,MM,OANDA DIVISION1,REAL,MT4,ZMQ,EURUSD
424,2020-10-19 05:34:38.181000,2020-10-19 05:34:38.305000,2020-10-19 05:37:16.175627,124.0,157870.627,157994.627,1.17097,1.17111,MM,OANDA DIVISION1,REAL,MT4,ZMQ,EURUSD
425,2020-10-19 05:34:38.290000,2020-10-19 05:34:38.414000,2020-10-19 05:37:16.207595,124.0,157793.595,157917.595,1.17097,1.17111,MM,OANDA DIVISION1,REAL,MT4,ZMQ,EURUSD
426,2020-10-19 05:34:38.399000,2020-10-19 05:34:38.523000,2020-10-19 05:37:16.239626,124.0,157716.626,157840.626,1.17097,1.17111,MM,OANDA DIVISION1,REAL,MT4,ZMQ,EURUSD
427,2020-10-19 05:34:38.510000,2020-10-19 05:34:38.634000,2020-10-19 05:37:16.271597,124.0,157637.597,157761.597,1.17097,1.17111,MM,OANDA DIVISION1,REAL,MT4,ZMQ,EURUSD
428,2020-10-19 05:34:38.620000,2020-10-19 05:34:38.744000,2020-10-19 05:37:16.302626,124.0,157558.626,157682.626,1.17097,1.17111,MM,OANDA DIVISION1,REAL,MT4,ZMQ,EURUSD
429,2020-10-19 05:34:38.726000,2020-10-19 05:34:38.850000,2020-10-19 05:37:16.334621,124.0,157484.621,157608.621,1.17097,1.17111,MM,OANDA DIVISION1,REAL,MT4,ZMQ,EURUSD
430,2020-10-19 05:34:38.839000,2020-10-19 05:34:38.963000,2020-10-19 05:37:16.366621,124.0,157403.621,157527.621,1.17097,1.17111,MM,OANDA DIVISION1,REAL,MT4,ZMQ,EURUSD
431,2020-10-19 05:34:38.945000,2020-10-19 05:34:39.069000,2020-10-19 05:37:16.398621,124.0,157329.621,157453.621,1.17097,1.17111,MM,OANDA DIVISION1,REAL,MT4,ZMQ,EURUSD
432,2020-10-19 05:34:39.057000,2020-10-19 05:34:39.181000,2020-10-19 05:37:16.430626,124.0,157249.626,157373.626,1.17097,1.17111,MM,OANDA DIVISION1,REAL,MT4,ZMQ,EURUSD
433,2020-10-19 05:34:39.166000,2020-10-19 05:34:39.290000,2020-10-19 05:37:16.462632,124.0,157172.632,157296.632,1.17097,1.17111,MM,OANDA DIVISION1,REAL,MT4,ZMQ,EURUSD
434,2020-10-19 05:34:39.273000,2020-10-19 05:34:39.397000,2020-10-19 05:37:16.494658,124.0,157097.658,157221.658,1.17097,1.17111,MM,OANDA DIVISION1,REAL,MT4,ZMQ,EURUSD
435,2020-10-19 05:34:39.384000,2020-10-19 05:34:39.508000,2020-10-19 05:37:16.525658,124.0,157017.658,157141.658,1.17097,1.17111,MM,OANDA DIVISION1,REAL,MT4,ZMQ,EURUSD
436,2020-10-19 05:34:39.495000,2020-10-19 05:34:39.619000,2020-10-19 05:37:16.558633,124.0,156939.633,157063.633,1.17097,1.17111,MM,OANDA DIVISION1,REAL,MT4,ZMQ,EURUSD
437,2020-10-19 05:34:39.602000,2020-10-19 05:34:39.726000,2020-10-19 05:37:16.591633,124.0,156865.633,156989.633,1.17097,1.17111,MM,OANDA DIVISION1,REAL,MT4,ZMQ,EURUSD
438,2020-10-19 05:34:39.711000,2020-10-19 05:34:39.835000,2020-10-19 05:37:16.623633,124.0,156788.633,156912.633,1.17097,1.17111,MM,OANDA DIVISION1,REAL,MT4,ZMQ,EURUSD
439,2020-10-19 05:34:39.854000,2020-10-19 05:34:39.978000,2020-10-19 05:37:16.657174,124.0,156679.174,156803.174,1.17097,1.17111,MM,OANDA DIVISION1,REAL,MT4,ZMQ,EURUSD
440,2020-10-19 05:34:39.929000,2020-10-19 05:34:40.053000,2020-10-19 05:37:16.688174,124.0,156635.174,156759.174,1.17097,1.17111,MM,OANDA DIVISION1,REAL,MT4,ZMQ,EURUSD
441,2020-10-19 05:34:40.040000,2020-10-19 05:34:40.164000,2020-10-19 05:37:16.720176,124.0,156556.176,156680.176,1.17097,1.17111,MM,OANDA DIVISION1,REAL,MT4,ZMQ,EURUSD
442,2020-10-19 05:34:40.150000,2020-10-19 05:34:40.274000,2020-10-19 05:37:16.751757,124.0,156477.757,156601.757,1.17097,1.17111,MM,OANDA DIVISION1,REAL,MT4,ZMQ,EURUSD
443,2020-10-19 05:34:40.257000,2020-10-19 05:34:40.381000,2020-10-19 05:37:16.783758,124.0,156402.758,156526.758,1.17097,1.17111,MM,OANDA DIVISION1,REAL,MT4,ZMQ,EURUSD
444,2020-10-19 05:34:40.368000,2020-10-19 05:34:40.492000,2020-10-19 05:37:16.814759,124.0,156322.759,156446.759,1.17097,1.17111,MM,OANDA DIVISION1,REAL,MT4,ZMQ,EURUSD
445,2020-10-19 05:34:40.476000,2020-10-19 05:34:40.600000,2020-10-19 05:37:16.845761,124.0,156245.761,156369.761,1.17097,1.17111,MM,OANDA DIVISION1,REAL,MT4,ZMQ,EURUSD
446,2020-10-19 05:34:40.590000,2020-10-19 05:34:40.714000,2020-10-19 05:37:16.877759,124.0,156163.759,156287.759,1.17097,1.17111,MM,OANDA DIVISION1,REAL,MT4,ZMQ,EURUSD
447,2020-10-19 05:34:40.696000,2020-10-19 05:34:40.820000,2020-10-19 05:37:16.909754,124.0,156089.754,156213.754,1.17097,1.17111,MM,OANDA DIVISION1,REAL,MT4,ZMQ,EURUSD
448,2020-10-19 05:34:40.806000,2020-10-19 05:34:40.930000,2020-10-19 05:37:16.942753,124.0,156012.753,156136.753,1.17097,1.17111,MM,OANDA DIVISION1,REAL,MT4,ZMQ,EURUSD
449,2020-10-19 05:34:40.914000,2020-10-19 05:34:41.038000,2020-10-19 05:37:16.977758,124.0,155939.758,156063.758,1.17097,1.17111,MM,OANDA DIVISION1,REAL,MT4,ZMQ,EURUSD
450,2020-10-19 05:34:41.024000,2020-10-19 05:34:41.148000,2020-10-19 05:37:17.010755,124.0,155862.755,155986.755,1.17097,1.17111,MM,OANDA DIVISION1,REAL,MT4,ZMQ,EURUSD
451,2020-10-19 05:34:41.133000,2020-10-19 05:34:41.257000,2020-10-19 05:37:17.044758,124.0,155787.758,155911.758,1.17097,1.17111,MM,OANDA DIVISION1,REAL,MT4,ZMQ,EURUSD
452,2020-10-19 05:34:41.243000,2020-10-19 05:34:41.367000,2020-10-19 05:37:17.078753,124.0,155711.753,155835.753,1.17097,1.17111,MM,OANDA DIVISION1,REAL,MT4,ZMQ,EURUSD
453,2020-10-19 05:34:41.354000,2020-10-19 05:34:41.478000,2020-10-19 05:37:17.113755,124.0,155635.755,155759.755,1.17097,1.17111,MM,OANDA DIVISION1,REAL,MT4,ZMQ,EURUSD
454,2020-10-19 05:34:41.463000,2020-10-19 05:34:41.587000,2020-10-19 05:37:17.146753,124.0,155559.753,155683.753,1.17097,1.17111,MM,OANDA DIVISION1,REAL,MT4,ZMQ,EURUSD
455,2020-10-19 05:34:41.582000,2020-10-19 05:34:41.706000,2020-10-19 05:37:17.179757,124.0,155473.757,155597.757,1.17097,1.17111,MM,OANDA DIVISION1,REAL,MT4,ZMQ,EURUSD
456,2020-10-19 05:34:41.681000,2020-10-19 05:34:41.805000,2020-10-19 05:37:17.214727,124.0,155409.727,155533.727,1.17097,1.17111,MM,OANDA DIVISION1,REAL,MT4,ZMQ,EURUSD
457,2020-10-19 05:34:41.790000,2020-10-19 05:34:41.914000,2020-10-19 05:37:17.247752,124.0,155333.752,155457.752,1.17097,1.17111,MM,OANDA DIVISION1,REAL,MT4,ZMQ,EURUSD
458,2020-10-19 05:34:41.898000,2020-10-19 05:34:42.022000,2020-10-19 05:37:17.280754,124.0,155258.754,155382.754,1.17097,1.17111,MM,OANDA DIVISION1,REAL,MT4,ZMQ,EURUSD
459,2020-10-19 05:34:42.008000,2020-10-19 05:34:42.132000,2020-10-19 05:37:17.312728,124.0,155180.728,155304.728,1.17097,1.17111,MM,OANDA DIVISION1,REAL,MT4,ZMQ,EURUSD
460,2020-10-19 05:34:42.121000,2020-10-19 05:34:42.245000,2020-10-19 05:37:17.344729,124.0,155099.729,155223.729,1.17097,1.17111,MM,OANDA DIVISION1,REAL,MT4,ZMQ,EURUSD
461,2020-10-19 05:34:42.227000,2020-10-19 05:34:42.351000,2020-10-19 05:37:17.376756,124.0,155025.756,155149.756,1.17097,1.17111,MM,OANDA DIVISION1,REAL,MT4,ZMQ,EURUSD
462,2020-10-19 05:34:42.345000,2020-10-19 05:34:42.469000,2020-10-19 05:37:17.409729,124.0,154940.729,155064.729,1.17097,1.17111,MM,OANDA DIVISION1,REAL,MT4,ZMQ,EURUSD
463,2020-10-19 05:34:42.445000,2020-10-19 05:34:42.569000,2020-10-19 05:37:17.441757,124.0,154872.757,154996.757,1.17097,1.17111,MM,OANDA DIVISION1,REAL,MT4,ZMQ,EURUSD
464,2020-10-19 05:34:42.554000,2020-10-19 05:34:42.678000,2020-10-19 05:37:17.473758,124.0,154795.758,154919.758,1.17097,1.17111,MM,OANDA DIVISION1,REAL,MT4,ZMQ,EURUSD
465,2020-10-19 05:34:42.664000,2020-10-19 05:34:42.788000,2020-10-19 05:37:17.505758,124.0,154717.758,154841.758,1.17097,1.17111,MM,OANDA DIVISION1,REAL,MT4,ZMQ,EURUSD
466,2020-10-19 05:34:42.773000,2020-10-19 05:34:42.897000,2020-10-19 05:37:17.537758,124.0,154640.758,154764.758,1.17097,1.17111,MM,OANDA DIVISION1,REAL,MT4,ZMQ,EURUSD
467,2020-10-19 05:34:42.882600,2020-10-19 05:34:43.006600,2020-10-19 05:37:17.569758,124.0,154563.158,154687.158,1.17097,1.17111,MM,OANDA DIVISION1,REAL,MT4,ZMQ,EURUSD
468,2020-10-19 05:34:42.996000,2020-10-19 05:34:43.120000,2020-10-19 05:37:17.601758,124.0,154481.758,154605.758,1.17097,1.17111,MM,OANDA DIVISION1,REAL,MT4,ZMQ,EURUSD
469,2020-10-19 05:34:43.104000,2020-10-19 05:34:43.228000,2020-10-19 05:37:17.633752,124.0,154405.752,154529.752,1.17097,1.17111,MM,OANDA DIVISION1,REAL,MT4,ZMQ,EURUSD
470,2020-10-19 05:34:43.212000,2020-10-19 05:34:43.336000,2020-10-19 05:37:17.664753,124.0,154328.753,154452.753,1.17097,1.17111,MM,OANDA DIVISION1,REAL,MT4,ZMQ,EURUSD
471,2020-10-19 05:34:43.348000,2020-10-19 05:34:43.472000,2020-10-19 05:37:17.696727,124.0,154224.727,154348.727,1.17097,1.17111,MM,OANDA DIVISION1,REAL,MT4,ZMQ,EURUSD
472,2020-10-19 05:34:43.431000,2020-10-19 05:34:43.555000,2020-10-19 05:37:17.728752,124.0,154173.752,154297.752,1.17097,1.17111,MM,OANDA DIVISION1,REAL,MT4,ZMQ,EURUSD
473,2020-10-19 05:34:43.539000,2020-10-19 05:34:43.663000,2020-10-19 05:37:17.759752,124.0,154096.752,154220.752,1.17097,1.17111,MM,OANDA DIVISION1,REAL,MT4,ZMQ,EURUSD
474,2020-10-19 05:34:43.651000,2020-10-19 05:34:43.775000,2020-10-19 05:37:17.791758,124.0,154016.758,154140.758,1.17097,1.17111,MM,OANDA DIVISION1,REAL,MT4,ZMQ,EURUSD
475,2020-10-19 05:34:43.757000,2020-10-19 05:34:43.881000,2020-10-19 05:37:17.824727,124.0,153943.727,154067.727,1.17097,1.17111,MM,OANDA DIVISION1,REAL,MT4,ZMQ,EURUSD
476,2020-10-19 05:34:43.869000,2020-10-19 05:34:43.993000,2020-10-19 05:37:17.856727,124.0,153863.727,153987.727,1.17097,1.17111,MM,OANDA DIVISION1,REAL,MT4,ZMQ,EURUSD
477,2020-10-19 05:34:43.980000,2020-10-19 05:34:44.104000,2020-10-19 05:37:17.889751,124.0,153785.751,153909.751,1.17097,1.17111,MM,OANDA DIVISION1,REAL,MT4,ZMQ,EURUSD
478,2020-10-19 05:34:44.087000,2020-10-19 05:34:44.211000,2020-10-19 05:37:17.921751,124.0,153710.751,153834.751,1.17097,1.17111,MM,OANDA DIVISION1,REAL,MT4,ZMQ,EURUSD
479,2020-10-19 05:34:44.195000,2020-10-19 05:34:44.319000,2020-10-19 05:37:17.954069,124.0,153635.069,153759.069,1.17097,1.17111,MM,OANDA DIVISION1,REAL,MT4,ZMQ,EURUSD
480,2020-10-19 05:34:44.306000,2020-10-19 05:34:44.430000,2020-10-19 05:37:17.986069,124.0,153556.069,153680.069,1.17097,1.17111,MM,OANDA DIVISION1,REAL,MT4,ZMQ,EURUSD
481,2020-10-19 05:34:44.414000,2020-10-19 05:34:44.538000,2020-10-19 05:37:18.019095,124.0,153481.095,153605.095,1.17097,1.17111,MM,OANDA DIVISION1,REAL,MT4,ZMQ,EURUSD
482,2020-10-19 05:34:44.526000,2020-10-19 05:34:44.650000,2020-10-19 05:37:18.051094,124.0,153401.094,153525.094,1.17097,1.17111,MM,OANDA DIVISION1,REAL,MT4,ZMQ,EURUSD
483,2020-10-19 05:34:44.633000,2020-10-19 05:34:44.757000,2020-10-19 05:37:18.083094,124.0,153326.094,153450.094,1.17097,1.17111,MM,OANDA DIVISION1,REAL,MT4,ZMQ,EURUSD
484,2020-10-19 05:34:44.743000,2020-10-19 05:34:44.867000,2020-10-19 05:37:18.115095,124.0,153248.095,153372.095,1.17097,1.17111,MM,OANDA DIVISION1,REAL,MT4,ZMQ,EURUSD
485,2020-10-19 05:34:44.853000,2020-10-19 05:34:44.977000,2020-10-19 05:37:18.146692,124.0,153169.692,153293.692,1.17097,1.17111,MM,OANDA DIVISION1,REAL,MT4,ZMQ,EURUSD
486,2020-10-19 05:34:44.963000,2020-10-19 05:34:45.087000,2020-10-19 05:37:18.177692,124.0,153090.692,153214.692,1.17097,1.17111,MM,OANDA DIVISION1,REAL,MT4,ZMQ,EURUSD
487,2020-10-19 05:34:45.083000,2020-10-19 05:34:45.207000,2020-10-19 05:37:18.210666,124.0,153003.666,153127.666,1.17097,1.17111,MM,OANDA DIVISION1,REAL,MT4,ZMQ,EURUSD
488,2020-10-19 05:34:45.181000,2020-10-19 05:34:45.305000,2020-10-19 05:37:18.244453,124.0,152939.453,153063.453,1.17097,1.17111,MM,OANDA DIVISION1,REAL,MT4,ZMQ,EURUSD
489,2020-10-19 05:34:45.289000,2020-10-19 05:34:45.413000,2020-10-19 05:37:18.277017,124.0,152864.017,152988.017,1.17097,1.17111,MM,OANDA DIVISION1,REAL,MT4,ZMQ,EURUSD
490,2020-10-19 05:34:45.400000,2020-10-19 05:34:45.524000,2020-10-19 05:37:18.310043,124.0,152786.043,152910.043,1.17097,1.17111,MM,OANDA DIVISION1,REAL,MT4,ZMQ,EURUSD
491,2020-10-19 05:34:45.509000,2020-10-19 05:34:45.633000,2020-10-19 05:37:18.342017,124.0,152709.017,152833.017,1.17097,1.17111,MM,OANDA DIVISION1,REAL,MT4,ZMQ,EURUSD
492,2020-10-19 05:34:45.617000,2020-10-19 05:34:45.741000,2020-10-19 05:37:18.375037,124.0,152634.037,152758.037,1.17097,1.17111,MM,OANDA DIVISION1,REAL,MT4,ZMQ,EURUSD
493,2020-10-19 05:34:45.730000,2020-10-19 05:34:45.854000,2020-10-19 05:37:18.407063,124.0,152553.063,152677.063,1.17097,1.17111,MM,OANDA DIVISION1,REAL,MT4,ZMQ,EURUSD
494,2020-10-19 05:34:45.844000,2020-10-19 05:34:45.968000,2020-10-19 05:37:18.442036,124.0,152474.036,152598.036,1.17097,1.17111,MM,OANDA DIVISION1,REAL,MT4,ZMQ,EURUSD
495,2020-10-19 05:34:45.946000,2020-10-19 05:34:46.070000,2020-10-19 05:37:18.477305,124.0,152407.305,152531.305,1.17097,1.17111,MM,OANDA DIVISION1,REAL,MT4,ZMQ,EURUSD
496,2020-10-19 05:34:46.054000,2020-10-19 05:34:46.178000,2020-10-19 05:37:18.511304,124.0,152333.304,152457.304,1.17097,1.17111,MM,OANDA DIVISION1,REAL,MT4,ZMQ,EURUSD
497,2020-10-19 05:34:46.166000,2020-10-19 05:34:46.290000,2020-10-19 05:37:18.547332,124.0,152257.332,152381.332,1.17097,1.17111,MM,OANDA DIVISION1,REAL,MT4,ZMQ,EURUSD
498,2020-10-19 05:34:46.276000,2020-10-19 05:34:46.400000,2020-10-19 05:37:18.581305,124.0,152181.305,152305.305,1.17097,1.17111,MM,OANDA DIVISION1,REAL,MT4,ZMQ,EURUSD
499,2020-10-19 05:34:46.382000,2020-10-19 05:34:46.506000,2020-10-19 05:37:18.614307,124.0,152108.307,152232.307,1.17097,1.17111,MM,OANDA DIVISION1,REAL,MT4,ZMQ,EURUSD
500,2020-10-19 05:34:46.492000,2020-10-19 05:34:46.616000,2020-10-19 05:37:18.656306,124.0,152040.306,152164.306,1.17097,1.17111,MM,OANDA DIVISION1,REAL,MT4,ZMQ,EURUSD
501,2020-10-19 05:34:46.603000,2020-10-19 05:34:46.727000,2020-10-19 05:37:18.690307,124.0,151963.307,152087.307,1.17097,1.17111,MM,OANDA DIVISION1,REAL,MT4,ZMQ,EURUSD
502,2020-10-19 05:34:46.713000,2020-10-19 05:34:46.837000,2020-10-19 05:37:18.724331,124.0,151887.331,152011.331,1.17097,1.17111,MM,OANDA DIVISION1,REAL,MT4,ZMQ,EURUSD
503,2020-10-19 05:34:46.833000,2020-10-19 05:34:46.957000,2020-10-19 05:37:18.757306,124.0,151800.306,151924.306,1.17097,1.17111,MM,OANDA DIVISION1,REAL,MT4,ZMQ,EURUSD
504,2020-10-19 05:34:46.931000,2020-10-19 05:34:47.055000,2020-10-19 05:37:18.790331,124.0,151735.331,151859.331,1.17097,1.17111,MM,OANDA DIVISION1,REAL,MT4,ZMQ,EURUSD
505,2020-10-19 05:34:47.041000,2020-10-19 05:34:47.165000,2020-10-19 05:37:18.822334,124.0,151657.334,151781.334,1.17097,1.17111,MM,OANDA DIVISION1,REAL,MT4,ZMQ,EURUSD
506,2020-10-19 05:34:47.149000,2020-10-19 05:34:47.273000,2020-10-19 05:37:18.855305,124.0,151582.305,151706.305,1.17097,1.17111,MM,OANDA DIVISION1,REAL,MT4,ZMQ,EURUSD
507,2020-10-19 05:34:47.257000,2020-10-19 05:34:47.381000,2020-10-19 05:37:18.887331,124.0,151506.331,151630.331,1.17097,1.17111,MM,OANDA DIVISION1,REAL,MT4,ZMQ,EURUSD
508,2020-10-19 05:34:47.368000,2020-10-19 05:34:47.492000,2020-10-19 05:37:18.920336,124.0,151428.336,151552.336,1.17097,1.17111,MM,OANDA DIVISION1,REAL,MT4,ZMQ,EURUSD
509,2020-10-19 05:34:47.480000,2020-10-19 05:34:47.604000,2020-10-19 05:37:18.952305,124.0,151348.305,151472.305,1.17097,1.17111,MM,OANDA DIVISION1,REAL,MT4,ZMQ,EURUSD
510,2020-10-19 05:34:47.602000,2020-10-19 05:34:47.726000,2020-10-19 05:37:18.984337,124.0,151258.337,151382.337,1.17097,1.17111,MM,OANDA DIVISION1,REAL,MT4,ZMQ,EURUSD
511,2020-10-19 05:34:47.699000,2020-10-19 05:34:47.823000,2020-10-19 05:37:19.016331,124.0,151193.331,151317.331,1.17097,1.17111,MM,OANDA DIVISION1,REAL,MT4,ZMQ,EURUSD
512,2020-10-19 05:34:47.807000,2020-10-19 05:34:47.931000,2020-10-19 05:37:19.050327,124.0,151119.327,151243.327,1.17097,1.17111,MM,OANDA DIVISION1,REAL,MT4,ZMQ,EURUSD
513,2020-10-19 05:34:47.914000,2020-10-19 05:34:48.038000,2020-10-19 05:37:19.083332,124.0,151045.332,151169.332,1.17097,1.17111,MM,OANDA DIVISION1,REAL,MT4,ZMQ,EURUSD
514,2020-10-19 05:34:48.023000,2020-10-19 05:34:48.147000,2020-10-19 05:37:19.116331,124.0,150969.331,151093.331,1.17097,1.17111,MM,OANDA DIVISION1,REAL,MT4,ZMQ,EURUSD
515,2020-10-19 05:34:48.135000,2020-10-19 05:34:48.259000,2020-10-19 05:37:19.149332,124.0,150890.332,151014.332,1.17097,1.17111,MM,OANDA DIVISION1,REAL,MT4,ZMQ,EURUSD
516,2020-10-19 05:34:48.245000,2020-10-19 05:34:48.369000,2020-10-19 05:37:19.182336,124.0,150813.336,150937.336,1.17097,1.17111,MM,OANDA DIVISION1,REAL,MT4,ZMQ,EURUSD
517,2020-10-19 05:34:48.351000,2020-10-19 05:34:48.475000,2020-10-19 05:37:19.214336,124.0,150739.336,150863.336,1.17097,1.17111,MM,OANDA DIVISION1,REAL,MT4,ZMQ,EURUSD
518,2020-10-19 05:34:48.460000,2020-10-19 05:34:48.584000,2020-10-19 05:37:19.247330,124.0,150663.33,150787.33,1.17097,1.17111,MM,OANDA DIVISION1,REAL,MT4,ZMQ,EURUSD
519,2020-10-19 05:34:48.605000,2020-10-19 05:34:48.729000,2020-10-19 05:37:19.278979,124.0,150549.979,150673.979,1.17097,1.17111,MM,OANDA DIVISION1,REAL,MT4,ZMQ,EURUSD
520,2020-10-19 05:34:48.681000,2020-10-19 05:34:48.805000,2020-10-19 05:37:19.311541,124.0,150506.541,150630.541,1.17097,1.17111,MM,OANDA DIVISION1,REAL,MT4,ZMQ,EURUSD
521,2020-10-19 05:34:48.792000,2020-10-19 05:34:48.916000,2020-10-19 05:37:19.343541,124.0,150427.541,150551.541,1.17097,1.17111,MM,OANDA DIVISION1,REAL,MT4,ZMQ,EURUSD
522,2020-10-19 05:34:48.902000,2020-10-19 05:34:49.026000,2020-10-19 05:37:19.375540,124.0,150349.54,150473.54,1.17097,1.17111,MM,OANDA DIVISION1,REAL,MT4,ZMQ,EURUSD
523,2020-10-19 05:34:49.012000,2020-10-19 05:34:49.136000,2020-10-19 05:37:19.408707,124.0,150272.707,150396.707,1.17097,1.17111,MM,OANDA DIVISION1,REAL,MT4,ZMQ,EURUSD
524,2020-10-19 05:34:49.117000,2020-10-19 05:34:49.241000,2020-10-19 05:37:19.440754,124.0,150199.754,150323.754,1.17097,1.17111,MM,OANDA DIVISION1,REAL,MT4,ZMQ,EURUSD
525,2020-10-19 05:34:49.227000,2020-10-19 05:34:49.351000,2020-10-19 05:37:19.474281,124.0,150123.281,150247.281,1.17097,1.17111,MM,OANDA DIVISION1,REAL,MT4,ZMQ,EURUSD
526,2020-10-19 05:34:49.353000,2020-10-19 05:34:49.477000,2020-10-19 05:37:19.507935,124.0,150030.935,150154.935,1.17097,1.17111,MM,OANDA DIVISION1,REAL,MT4,ZMQ,EURUSD
527,2020-10-19 05:34:49.446000,2020-10-19 05:34:49.570000,2020-10-19 05:37:19.539934,124.0,149969.934,150093.934,1.17097,1.17111,MM,OANDA DIVISION1,REAL,MT4,ZMQ,EURUSD
528,2020-10-19 05:34:49.556000,2020-10-19 05:34:49.680000,2020-10-19 05:37:19.571935,124.0,149891.935,150015.935,1.17097,1.17111,MM,OANDA DIVISION1,REAL,MT4,ZMQ,EURUSD
529,2020-10-19 05:34:49.665000,2020-10-19 05:34:49.789000,2020-10-19 05:37:19.603936,124.0,149814.936,149938.936,1.17097,1.17111,MM,OANDA DIVISION1,REAL,MT4,ZMQ,EURUSD
530,2020-10-19 05:34:49.774000,2020-10-19 05:34:49.898000,2020-10-19 05:37:19.635905,124.0,149737.905,149861.905,1.17097,1.17111,MM,OANDA DIVISION1,REAL,MT4,ZMQ,EURUSD
531,2020-10-19 05:34:49.884800,2020-10-19 05:34:50.008800,2020-10-19 05:37:19.667929,124.0,149659.129,149783.129,1.17097,1.17111,MM,OANDA DIVISION1,REAL,MT4,ZMQ,EURUSD
532,2020-10-19 05:34:49.992000,2020-10-19 05:34:50.116000,2020-10-19 05:37:19.699904,124.0,149583.904,149707.904,1.17097,1.17111,MM,OANDA DIVISION1,REAL,MT4,ZMQ,EURUSD
533,2020-10-19 05:34:50.104000,2020-10-19 05:34:50.228000,2020-10-19 05:37:19.732904,124.0,149504.904,149628.904,1.17097,1.17111,MM,OANDA DIVISION1,REAL,MT4,ZMQ,EURUSD
534,2020-10-19 05:34:50.213000,2020-10-19 05:34:50.337000,2020-10-19 05:37:19.763933,124.0,149426.933,149550.933,1.17097,1.17111,MM,OANDA DIVISION1,REAL,MT4,ZMQ,EURUSD
535,2020-10-19 05:34:50.353000,2020-10-19 05:34:50.477000,2020-10-19 05:37:19.794935,124.0,149317.935,149441.935,1.17097,1.17111,MM,OANDA DIVISION1,REAL,MT4,ZMQ,EURUSD
536,2020-10-19 05:34:50.429000,2020-10-19 05:34:50.553000,2020-10-19 05:37:19.826935,124.0,149273.935,149397.935,1.17097,1.17111,MM,OANDA DIVISION1,REAL,MT4,ZMQ,EURUSD
537,2020-10-19 05:34:50.539000,2020-10-19 05:34:50.663000,2020-10-19 05:37:19.858936,124.0,149195.936,149319.936,1.17097,1.17111,MM,OANDA DIVISION1,REAL,MT4,ZMQ,EURUSD
538,2020-10-19 05:34:50.651000,2020-10-19 05:34:50.775000,2020-10-19 05:37:19.890935,124.0,149115.935,149239.935,1.17097,1.17111,MM,OANDA DIVISION1,REAL,MT4,ZMQ,EURUSD
539,2020-10-19 05:34:50.762000,2020-10-19 05:34:50.886000,2020-10-19 05:37:19.921929,124.0,149035.929,149159.929,1.17097,1.17111,MM,OANDA DIVISION1,REAL,MT4,ZMQ,EURUSD
540,2020-10-19 05:34:50.869000,2020-10-19 05:34:50.993000,2020-10-19 05:37:19.953905,124.0,148960.905,149084.905,1.17097,1.17111,MM,OANDA DIVISION1,REAL,MT4,ZMQ,EURUSD
541,2020-10-19 05:34:50.977000,2020-10-19 05:34:51.101000,2020-10-19 05:37:19.985937,124.0,148884.937,149008.937,1.17097,1.17111,MM,OANDA DIVISION1,REAL,MT4,ZMQ,EURUSD
542,2020-10-19 05:34:51.091000,2020-10-19 05:34:51.215000,2020-10-19 05:37:20.017935,124.0,148802.935,148926.935,1.17097,1.17111,MM,OANDA DIVISION1,REAL,MT4,ZMQ,EURUSD
543,2020-10-19 05:34:51.195000,2020-10-19 05:34:51.319000,2020-10-19 05:37:20.049905,124.0,148730.905,148854.905,1.17097,1.17111,MM,OANDA DIVISION1,REAL,MT4,ZMQ,EURUSD
544,2020-10-19 05:34:51.307000,2020-10-19 05:34:51.431000,2020-10-19 05:37:20.083929,124.0,148652.929,148776.929,1.17097,1.17111,MM,OANDA DIVISION1,REAL,MT4,ZMQ,EURUSD
545,2020-10-19 05:34:51.416000,2020-10-19 05:34:51.540000,2020-10-19 05:37:20.115928,124.0,148575.928,148699.928,1.17097,1.17111,MM,OANDA DIVISION1,REAL,MT4,ZMQ,EURUSD
546,2020-10-19 05:34:51.524000,2020-10-19 05:34:51.648000,2020-10-19 05:37:20.147929,124.0,148499.929,148623.929,1.17097,1.17111,MM,OANDA DIVISION1,REAL,MT4,ZMQ,EURUSD
547,2020-10-19 05:34:51.635000,2020-10-19 05:34:51.759000,2020-10-19 05:37:20.179556,124.0,148420.556,148544.556,1.17097,1.17111,MM,OANDA DIVISION1,REAL,MT4,ZMQ,EURUSD
548,2020-10-19 05:34:51.743000,2020-10-19 05:34:51.867000,2020-10-19 05:37:20.211556,124.0,148344.556,148468.556,1.17097,1.17111,MM,OANDA DIVISION1,REAL,MT4,ZMQ,EURUSD
549,2020-10-19 05:34:51.854000,2020-10-19 05:34:51.978000,2020-10-19 05:37:20.243556,124.0,148265.556,148389.556,1.17097,1.17111,MM,OANDA DIVISION1,REAL,MT4,ZMQ,EURUSD
550,2020-10-19 05:34:51.962000,2020-10-19 05:34:52.086000,2020-10-19 05:37:20.275580,124.0,148189.58,148313.58,1.17097,1.17111,MM,OANDA DIVISION1,REAL,MT4,ZMQ,EURUSD
551,2020-10-19 05:34:52.102000,2020-10-19 05:34:52.226000,2020-10-19 05:37:20.307556,124.0,148081.556,148205.556,1.17097,1.17111,MM,OANDA DIVISION1,REAL,MT4,ZMQ,EURUSD
552,2020-10-19 05:34:52.180000,2020-10-19 05:34:52.304000,2020-10-19 05:37:20.341556,124.0,148037.556,148161.556,1.17097,1.17111,MM,OANDA DIVISION1,REAL,MT4,ZMQ,EURUSD
553,2020-10-19 05:34:52.292000,2020-10-19 05:34:52.416000,2020-10-19 05:37:20.374065,124.0,147958.065,148082.065,1.17097,1.17111,MM,OANDA DIVISION1,REAL,MT4,ZMQ,EURUSD
554,2020-10-19 05:34:52.402000,2020-10-19 05:34:52.526000,2020-10-19 05:37:20.407065,124.0,147881.065,148005.065,1.17097,1.17111,MM,OANDA DIVISION1,REAL,MT4,ZMQ,EURUSD
555,2020-10-19 05:34:52.508000,2020-10-19 05:34:52.632000,2020-10-19 05:37:20.439064,124.0,147807.064,147931.064,1.17097,1.17111,MM,OANDA DIVISION1,REAL,MT4,ZMQ,EURUSD
556,2020-10-19 05:34:52.617000,2020-10-19 05:34:52.741000,2020-10-19 05:37:20.470602,124.0,147729.602,147853.602,1.17097,1.17111,MM,OANDA DIVISION1,REAL,MT4,ZMQ,EURUSD
557,2020-10-19 05:34:52.728000,2020-10-19 05:34:52.852000,2020-10-19 05:37:20.502603,124.0,147650.603,147774.603,1.17097,1.17111,MM,OANDA DIVISION1,REAL,MT4,ZMQ,EURUSD
558,2020-10-19 05:34:52.835000,2020-10-19 05:34:52.959000,2020-10-19 05:37:20.535602,124.0,147576.602,147700.602,1.17097,1.17111,MM,OANDA DIVISION1,REAL,MT4,ZMQ,EURUSD
559,2020-10-19 05:34:52.945000,2020-10-19 05:34:53.069000,2020-10-19 05:37:20.567176,124.0,147498.176,147622.176,1.17097,1.17111,MM,OANDA DIVISION1,REAL,MT4,ZMQ,EURUSD
560,2020-10-19 05:34:53.057000,2020-10-19 05:34:53.181000,2020-10-19 05:37:20.599176,124.0,147418.176,147542.176,1.17097,1.17111,MM,OANDA DIVISION1,REAL,MT4,ZMQ,EURUSD
561,2020-10-19 05:34:53.166000,2020-10-19 05:34:53.290000,2020-10-19 05:37:20.632176,124.0,147342.176,147466.176,1.17097,1.17111,MM,OANDA DIVISION1,REAL,MT4,ZMQ,EURUSD
562,2020-10-19 05:34:53.279000,2020-10-19 05:34:53.403000,2020-10-19 05:37:20.664214,124.0,147261.214,147385.214,1.17097,1.17111,MM,OANDA DIVISION1,REAL,MT4,ZMQ,EURUSD
563,2020-10-19 05:34:53.384000,2020-10-19 05:34:53.508000,2020-10-19 05:37:20.696219,124.0,147188.219,147312.219,1.17097,1.17111,MM,OANDA DIVISION1,REAL,MT4,ZMQ,EURUSD
564,2020-10-19 05:34:53.494000,2020-10-19 05:34:53.618000,2020-10-19 05:37:20.728184,124.0,147110.184,147234.184,1.17097,1.17111,MM,OANDA DIVISION1,REAL,MT4,ZMQ,EURUSD
565,2020-10-19 05:34:53.606000,2020-10-19 05:34:53.730000,2020-10-19 05:37:20.761249,124.0,147031.249,147155.249,1.17097,1.17111,MM,OANDA DIVISION1,REAL,MT4,ZMQ,EURUSD
566,2020-10-19 05:34:53.711000,2020-10-19 05:34:53.835000,2020-10-19 05:37:20.793219,124.0,146958.219,147082.219,1.17097,1.17111,MM,OANDA DIVISION1,REAL,MT4,ZMQ,EURUSD
567,2020-10-19 05:34:53.831000,2020-10-19 05:34:53.955000,2020-10-19 05:37:20.826219,124.0,146871.219,146995.219,1.17097,1.17111,MM,OANDA DIVISION1,REAL,MT4,ZMQ,EURUSD
568,2020-10-19 05:34:53.934000,2020-10-19 05:34:54.058000,2020-10-19 05:37:20.860242,124.0,146802.242,146926.242,1.17097,1.17111,MM,OANDA DIVISION1,REAL,MT4,ZMQ,EURUSD
569,2020-10-19 05:34:54.041000,2020-10-19 05:34:54.165000,2020-10-19 05:37:20.892243,124.0,146727.243,146851.243,1.17097,1.17111,MM,OANDA DIVISION1,REAL,MT4,ZMQ,EURUSD
570,2020-10-19 05:34:54.149000,2020-10-19 05:34:54.273000,2020-10-19 05:37:20.924244,124.0,146651.244,146775.244,1.17097,1.17111,MM,OANDA DIVISION1,REAL,MT4,ZMQ,EURUSD
571,2020-10-19 05:34:54.257000,2020-10-19 05:34:54.381000,2020-10-19 05:37:20.956308,124.0,146575.308,146699.308,1.17097,1.17111,MM,OANDA DIVISION1,REAL,MT4,ZMQ,EURUSD
572,2020-10-19 05:34:54.367000,2020-10-19 05:34:54.491000,2020-10-19 05:37:20.989218,124.0,146498.218,146622.218,1.17097,1.17111,MM,OANDA DIVISION1,REAL,MT4,ZMQ,EURUSD
573,2020-10-19 05:34:54.478000,2020-10-19 05:34:54.602000,2020-10-19 05:37:21.021218,124.0,146419.218,146543.218,1.17097,1.17111,MM,OANDA DIVISION1,REAL,MT4,ZMQ,EURUSD
574,2020-10-19 05:34:54.590000,2020-10-19 05:34:54.714000,2020-10-19 05:37:21.054218,124.0,146340.218,146464.218,1.17097,1.17111,MM,OANDA DIVISION1,REAL,MT4,ZMQ,EURUSD
575,2020-10-19 05:34:54.699000,2020-10-19 05:34:54.823000,2020-10-19 05:37:21.086815,124.0,146263.815,146387.815,1.17097,1.17111,MM,OANDA DIVISION1,REAL,MT4,ZMQ,EURUSD
576,2020-10-19 05:34:54.805000,2020-10-19 05:34:54.929000,2020-10-19 05:37:21.117815,124.0,146188.815,146312.815,1.17097,1.17111,MM,OANDA DIVISION1,REAL,MT4,ZMQ,EURUSD
577,2020-10-19 05:34:54.914000,2020-10-19 05:34:55.038000,2020-10-19 05:37:21.148817,124.0,146110.817,146234.817,1.17097,1.17111,MM,OANDA DIVISION1,REAL,MT4,ZMQ,EURUSD
578,2020-10-19 05:34:55.023000,2020-10-19 05:34:55.147000,2020-10-19 05:37:21.180816,124.0,146033.816,146157.816,1.17097,1.17111,MM,OANDA DIVISION1,REAL,MT4,ZMQ,EURUSD
579,2020-10-19 05:34:55.136000,2020-10-19 05:34:55.260000,2020-10-19 05:37:21.212818,124.0,145952.818,146076.818,1.17097,1.17111,MM,OANDA DIVISION1,REAL,MT4,ZMQ,EURUSD
580,2020-10-19 05:34:55.243000,2020-10-19 05:34:55.367000,2020-10-19 05:37:21.244816,124.0,145877.816,146001.816,1.17097,1.17111,MM,OANDA DIVISION1,REAL,MT4,ZMQ,EURUSD
581,2020-10-19 05:34:55.354000,2020-10-19 05:34:55.478000,2020-10-19 05:37:21.276784,124.0,145798.784,145922.784,1.17097,1.17111,MM,OANDA DIVISION1,REAL,MT4,ZMQ,EURUSD
582,2020-10-19 05:34:55.461000,2020-10-19 05:34:55.585000,2020-10-19 05:37:21.308816,124.0,145723.816,145847.816,1.17097,1.17111,MM,OANDA DIVISION1,REAL,MT4,ZMQ,EURUSD
583,2020-10-19 05:34:55.584000,2020-10-19 05:34:55.708000,2020-10-19 05:37:21.339819,124.0,145631.819,145755.819,1.17097,1.17111,MM,OANDA DIVISION1,REAL,MT4,ZMQ,EURUSD
584,2020-10-19 05:34:55.682000,2020-10-19 05:34:55.806000,2020-10-19 05:37:21.372785,124.0,145566.785,145690.785,1.17097,1.17111,MM,OANDA DIVISION1,REAL,MT4,ZMQ,EURUSD
585,2020-10-19 05:34:55.790000,2020-10-19 05:34:55.914000,2020-10-19 05:37:21.405816,124.0,145491.816,145615.816,1.17097,1.17111,MM,OANDA DIVISION1,REAL,MT4,ZMQ,EURUSD
586,2020-10-19 05:34:55.901000,2020-10-19 05:34:56.025000,2020-10-19 05:37:21.437816,124.0,145412.816,145536.816,1.17097,1.17111,MM,OANDA DIVISION1,REAL,MT4,ZMQ,EURUSD
587,2020-10-19 05:34:56.009000,2020-10-19 05:34:56.133000,2020-10-19 05:37:21.470510,124.0,145337.51,145461.51,1.17097,1.17111,MM,OANDA DIVISION1,REAL,MT4,ZMQ,EURUSD
588,2020-10-19 05:34:56.119000,2020-10-19 05:34:56.243000,2020-10-19 05:37:21.502072,124.0,145259.072,145383.072,1.17097,1.17111,MM,OANDA DIVISION1,REAL,MT4,ZMQ,EURUSD
589,2020-10-19 05:34:56.228000,2020-10-19 05:34:56.352000,2020-10-19 05:37:21.534078,124.0,145182.078,145306.078,1.17097,1.17111,MM,OANDA DIVISION1,REAL,MT4,ZMQ,EURUSD
590,2020-10-19 05:34:56.336000,2020-10-19 05:34:56.460000,2020-10-19 05:37:21.566123,124.0,145106.123,145230.123,1.17097,1.17111,MM,OANDA DIVISION1,REAL,MT4,ZMQ,EURUSD
591,2020-10-19 05:34:56.447000,2020-10-19 05:34:56.571000,2020-10-19 05:37:21.598123,124.0,145027.123,145151.123,1.17097,1.17111,MM,OANDA DIVISION1,REAL,MT4,ZMQ,EURUSD
592,2020-10-19 05:34:56.554000,2020-10-19 05:34:56.678000,2020-10-19 05:37:21.630123,124.0,144952.123,145076.123,1.17097,1.17111,MM,OANDA DIVISION1,REAL,MT4,ZMQ,EURUSD
593,2020-10-19 05:34:56.664000,2020-10-19 05:34:56.788000,2020-10-19 05:37:21.662120,124.0,144874.12,144998.12,1.17097,1.17111,MM,OANDA DIVISION1,REAL,MT4,ZMQ,EURUSD
594,2020-10-19 05:34:56.774000,2020-10-19 05:34:56.898000,2020-10-19 05:37:21.694151,124.0,144796.151,144920.151,1.17097,1.17111,MM,OANDA DIVISION1,REAL,MT4,ZMQ,EURUSD
595,2020-10-19 05:34:56.887000,2020-10-19 05:34:57.011000,2020-10-19 05:37:21.726157,124.0,144715.157,144839.157,1.17097,1.17111,MM,OANDA DIVISION1,REAL,MT4,ZMQ,EURUSD
596,2020-10-19 05:34:56.992000,2020-10-19 05:34:57.116000,2020-10-19 05:37:21.758157,124.0,144642.157,144766.157,1.17097,1.17111,MM,OANDA DIVISION1,REAL,MT4,ZMQ,EURUSD
597,2020-10-19 05:34:57.105000,2020-10-19 05:34:57.229000,2020-10-19 05:37:21.791194,124.0,144562.194,144686.194,1.17097,1.17111,MM,OANDA DIVISION1,REAL,MT4,ZMQ,EURUSD
598,2020-10-19 05:34:57.211000,2020-10-19 05:34:57.335000,2020-10-19 05:37:21.822165,124.0,144487.165,144611.165,1.17097,1.17111,MM,OANDA DIVISION1,REAL,MT4,ZMQ,EURUSD
