,Creation Time,Terminal Time,Current Time,X,Y,Z,Bid,Ask,TypeBroker,BrokerName,DR,Terminal,Protocol,Symbol
0,2020-11-22 14:57:59.560000,2020-11-22 14:57:59.679000,2020-11-22 14:58:03.309761,119.0,3630.761,3749.761,1.18549,1.18579,MM,OANDA DIVISION1,REAL,MT4,ZMQ,EURUSD
1,2020-11-22 14:57:59.669000,2020-11-22 14:57:59.788000,2020-11-22 14:58:03.329744,119.0,3541.744,3660.744,1.18549,1.18579,MM,OANDA DIVISION1,REAL,MT4,ZMQ,EURUSD
2,2020-11-22 14:57:59.778000,2020-11-22 14:57:59.897000,2020-11-22 14:58:03.343742,119.0,3446.742,3565.742,1.18549,1.18579,MM,OANDA DIVISION1,REAL,MT4,ZMQ,EURUSD
3,2020-11-22 14:57:59.886500,2020-11-22 14:58:00.005500,2020-11-22 14:58:03.352743,119.0,3347.243,3466.243,1.18549,1.18579,MM,OANDA DIVISION1,REAL,MT4,ZMQ,EURUSD
4,2020-11-22 14:57:59.994000,2020-11-22 14:58:00.113000,2020-11-22 14:58:03.362742,119.0,3249.742,3368.742,1.18549,1.18579,MM,OANDA DIVISION1,REAL,MT4,ZMQ,EURUSD
5,2020-11-22 14:58:00.104000,2020-11-22 14:58:00.223000,2020-11-22 14:58:03.371742,119.0,3148.742,3267.742,1.18549,1.18579,MM,OANDA DIVISION1,REAL,MT4,ZMQ,EURUSD
6,2020-11-22 14:58:00.215000,2020-11-22 14:58:00.334000,2020-11-22 14:58:03.381742,119.0,3047.742,3166.742,1.18549,1.18579,MM,OANDA DIVISION1,REAL,MT4,ZMQ,EURUSD
7,2020-11-22 14:58:00.350000,2020-11-22 14:58:00.469000,2020-11-22 14:58:03.390742,119.0,2921.742,3040.742,1.18549,1.18579,MM,OANDA DIVISION1,REAL,MT4,ZMQ,EURUSD
8,2020-11-22 14:58:00.431000,2020-11-22 14:58:00.550000,2020-11-22 14:58:03.400742,119.0,2850.742,2969.742,1.18549,1.18579,MM,OANDA DIVISION1,REAL,MT4,ZMQ,EURUSD
9,2020-11-22 14:58:00.541000,2020-11-22 14:58:00.660000,2020-11-22 14:58:03.409742,119.0,2749.742,2868.742,1.18549,1.18579,MM,OANDA DIVISION1,REAL,MT4,ZMQ,EURUSD
10,2020-11-22 14:58:00.650000,2020-11-22 14:58:00.769000,2020-11-22 14:58:03.419741,119.0,2650.741,2769.741,1.18549,1.18579,MM,OANDA DIVISION1,REAL,MT4,ZMQ,EURUSD
11,2020-11-22 14:58:00.759000,2020-11-22 14:58:00.878000,2020-11-22 14:58:03.428742,119.0,2550.742,2669.742,1.18549,1.18579,MM,OANDA DIVISION1,REAL,MT4,ZMQ,EURUSD
12,2020-11-22 14:58:00.868000,2020-11-22 14:58:00.987000,2020-11-22 14:58:03.437741,119.0,2450.741,2569.741,1.18549,1.18579,MM,OANDA DIVISION1,REAL,MT4,ZMQ,EURUSD
13,2020-11-22 14:58:00.979000,2020-11-22 14:58:01.098000,2020-11-22 14:58:03.447742,119.0,2349.742,2468.742,1.18549,1.18579,MM,OANDA DIVISION1,REAL,MT4,ZMQ,EURUSD
14,2020-11-22 14:58:01.090000,2020-11-22 14:58:01.209000,2020-11-22 14:58:03.456756,119.0,2247.756,2366.756,1.18549,1.18579,MM,OANDA DIVISION1,REAL,MT4,ZMQ,EURUSD
15,2020-11-22 14:58:01.199000,2020-11-22 14:58:01.318000,2020-11-22 14:58:03.466742,119.0,2148.742,2267.742,1.18549,1.18579,MM,OANDA DIVISION1,REAL,MT4,ZMQ,EURUSD
16,2020-11-22 14:58:01.310000,2020-11-22 14:58:01.429000,2020-11-22 14:58:03.475742,119.0,2046.742,2165.742,1.18549,1.18579,MM,OANDA DIVISION1,REAL,MT4,ZMQ,EURUSD
17,2020-11-22 14:58:01.417000,2020-11-22 14:58:01.536000,2020-11-22 14:58:03.484742,119.0,1948.742,2067.742,1.18549,1.18579,MM,OANDA DIVISION1,REAL,MT4,ZMQ,EURUSD
18,2020-11-22 14:58:01.524000,2020-11-22 14:58:01.643000,2020-11-22 14:58:03.494741,119.0,1851.741,1970.741,1.18549,1.18579,MM,OANDA DIVISION1,REAL,MT4,ZMQ,EURUSD
19,2020-11-22 14:58:01.637000,2020-11-22 14:58:01.756000,2020-11-22 14:58:03.503742,119.0,1747.742,1866.742,1.18549,1.18579,MM,OANDA DIVISION1,REAL,MT4,ZMQ,EURUSD
20,2020-11-22 14:58:01.745000,2020-11-22 14:58:01.864000,2020-11-22 14:58:03.513742,119.0,1649.742,1768.742,1.18549,1.18579,MM,OANDA DIVISION1,REAL,MT4,ZMQ,EURUSD
21,2020-11-22 14:58:01.854000,2020-11-22 14:58:01.973000,2020-11-22 14:58:03.522741,119.0,1549.741,1668.741,1.18549,1.18579,MM,OANDA DIVISION1,REAL,MT4,ZMQ,EURUSD
22,2020-11-22 14:58:01.965000,2020-11-22 14:58:02.084000,2020-11-22 14:58:03.531742,119.0,1447.742,1566.742,1.18549,1.18579,MM,OANDA DIVISION1,REAL,MT4,ZMQ,EURUSD
23,2020-11-22 14:58:02.083000,2020-11-22 14:58:02.202000,2020-11-22 14:58:03.541742,119.0,1339.742,1458.742,1.18549,1.18579,MM,OANDA DIVISION1,REAL,MT4,ZMQ,EURUSD
24,2020-11-22 14:58:02.181000,2020-11-22 14:58:02.300000,2020-11-22 14:58:03.550743,119.0,1250.743,1369.743,1.18549,1.18579,MM,OANDA DIVISION1,REAL,MT4,ZMQ,EURUSD
25,2020-11-22 14:58:02.292000,2020-11-22 14:58:02.411000,2020-11-22 14:58:03.560743,119.0,1149.743,1268.743,1.18549,1.18579,MM,OANDA DIVISION1,REAL,MT4,ZMQ,EURUSD
26,2020-11-22 14:58:02.402000,2020-11-22 14:58:02.521000,2020-11-22 14:58:03.570743,119.0,1049.743,1168.743,1.18549,1.18579,MM,OANDA DIVISION1,REAL,MT4,ZMQ,EURUSD
27,2020-11-22 14:58:02.511000,2020-11-22 14:58:02.630000,2020-11-22 14:58:03.580742,119.0,950.742,1069.742,1.18549,1.18579,MM,OANDA DIVISION1,REAL,MT4,ZMQ,EURUSD
28,2020-11-22 14:58:02.618000,2020-11-22 14:58:02.737000,2020-11-22 14:58:03.590743,119.0,853.743,972.743,1.18549,1.18579,MM,OANDA DIVISION1,REAL,MT4,ZMQ,EURUSD
29,2020-11-22 14:58:02.727000,2020-11-22 14:58:02.846000,2020-11-22 14:58:03.599743,119.0,753.743,872.743,1.18549,1.18579,MM,OANDA DIVISION1,REAL,MT4,ZMQ,EURUSD
30,2020-11-22 14:58:02.837000,2020-11-22 14:58:02.956000,2020-11-22 14:58:03.609741,119.0,653.741,772.741,1.18549,1.18579,MM,OANDA DIVISION1,REAL,MT4,ZMQ,EURUSD
31,2020-11-22 14:58:02.950000,2020-11-22 14:58:03.069000,2020-11-22 14:58:03.619772,119.0,550.772,669.772,1.18549,1.18579,MM,OANDA DIVISION1,REAL,MT4,ZMQ,EURUSD
32,2020-11-22 14:58:03.057000,2020-11-22 14:58:03.176000,2020-11-22 14:58:03.628771,119.0,452.771,571.771,1.18549,1.18579,MM,OANDA DIVISION1,REAL,MT4,ZMQ,EURUSD
33,2020-11-22 14:58:03.167000,2020-11-22 14:58:03.286000,2020-11-22 14:58:03.637774,119.0,351.774,470.774,1.18549,1.18579,MM,OANDA DIVISION1,REAL,MT4,ZMQ,EURUSD
34,2020-11-22 14:58:03.278000,2020-11-22 14:58:03.397000,2020-11-22 14:58:03.647743,119.0,250.743,369.743,1.18549,1.18579,MM,OANDA DIVISION1,REAL,MT4,ZMQ,EURUSD
35,2020-11-22 14:58:03.385000,2020-11-22 14:58:03.504000,2020-11-22 14:58:03.656766,119.0,152.766,271.766,1.18549,1.18579,MM,OANDA DIVISION1,REAL,MT4,ZMQ,EURUSD
36,2020-11-22 14:58:03.493000,2020-11-22 14:58:03.612000,2020-11-22 14:58:03.666766,119.0,54.766,173.766,1.18549,1.18579,MM,OANDA DIVISION1,REAL,MT4,ZMQ,EURUSD
37,2020-11-22 14:58:03.602000,2020-11-22 14:58:03.721000,2020-11-22 14:58:03.722767,119.0,1.767,120.767,1.18549,1.18579,MM,OANDA DIVISION1,REAL,MT4,ZMQ,EURUSD
38,2020-11-22 14:58:03.715000,2020-11-22 14:58:03.834000,2020-11-22 14:58:03.836766,119.0,2.766,121.766,1.18549,1.18579,MM,OANDA DIVISION1,REAL,MT4,ZMQ,EURUSD
39,2020-11-22 14:58:03.829000,2020-11-22 14:58:03.948000,2020-11-22 14:58:03.949742,119.0,1.742,120.742,1.18549,1.18579,MM,OANDA DIVISION1,REAL,MT4,ZMQ,EURUSD
40,2020-11-22 14:58:03.934000,2020-11-22 14:58:04.053000,2020-11-22 14:58:04.054767,119.0,1.767,120.767,1.18549,1.18579,MM,OANDA DIVISION1,REAL,MT4,ZMQ,EURUSD
41,2020-11-22 14:58:04.040000,2020-11-22 14:58:04.159000,2020-11-22 14:58:04.161743,119.0,2.743,121.743,1.18549,1.18579,MM,OANDA DIVISION1,REAL,MT4,ZMQ,EURUSD
42,2020-11-22 14:58:04.151000,2020-11-22 14:58:04.270000,2020-11-22 14:58:04.272744,119.0,2.744,121.744,1.18549,1.18579,MM,OANDA DIVISION1,REAL,MT4,ZMQ,EURUSD
43,2020-11-22 14:58:04.259000,2020-11-22 14:58:04.378000,2020-11-22 14:58:04.379744,119.0,1.744,120.744,1.18549,1.18579,MM,OANDA DIVISION1,REAL,MT4,ZMQ,EURUSD
44,2020-11-22 14:58:04.371000,2020-11-22 14:58:04.490000,2020-11-22 14:58:04.491743,119.0,1.743,120.743,1.18549,1.18579,MM,OANDA DIVISION1,REAL,MT4,ZMQ,EURUSD
45,2020-11-22 14:58:04.480000,2020-11-22 14:58:04.599000,2020-11-22 14:58:04.600743,119.0,1.743,120.743,1.18549,1.18579,MM,OANDA DIVISION1,REAL,MT4,ZMQ,EURUSD
46,2020-11-22 14:58:04.587000,2020-11-22 14:58:04.706000,2020-11-22 14:58:04.707744,119.0,1.744,120.744,1.18549,1.18579,MM,OANDA DIVISION1,REAL,MT4,ZMQ,EURUSD
47,2020-11-22 14:58:04.698000,2020-11-22 14:58:04.817000,2020-11-22 14:58:04.818742,119.0,1.742,120.742,1.18549,1.18579,MM,OANDA DIVISION1,REAL,MT4,ZMQ,EURUSD
48,2020-11-22 14:58:04.806000,2020-11-22 14:58:04.925000,2020-11-22 14:58:04.926767,119.0,1.767,120.767,1.18549,1.18579,MM,OANDA DIVISION1,REAL,MT4,ZMQ,EURUSD
49,2020-11-22 14:58:04.916000,2020-11-22 14:58:05.035000,2020-11-22 14:58:05.036767,119.0,1.767,120.767,1.18549,1.18579,MM,OANDA DIVISION1,REAL,MT4,ZMQ,EURUSD
50,2020-11-22 14:58:05.028000,2020-11-22 14:58:05.147000,2020-11-22 14:58:05.148743,119.0,1.743,120.743,1.18549,1.18579,MM,OANDA DIVISION1,REAL,MT4,ZMQ,EURUSD
51,2020-11-22 14:58:05.138000,2020-11-22 14:58:05.257000,2020-11-22 14:58:05.258767,119.0,1.767,120.767,1.18549,1.18579,MM,OANDA DIVISION1,REAL,MT4,ZMQ,EURUSD
52,2020-11-22 14:58:05.244000,2020-11-22 14:58:05.363000,2020-11-22 14:58:05.365744,119.0,2.744,121.744,1.18549,1.18579,MM,OANDA DIVISION1,REAL,MT4,ZMQ,EURUSD
53,2020-11-22 14:58:05.355000,2020-11-22 14:58:05.474000,2020-11-22 14:58:05.476771,119.0,2.771,121.771,1.18549,1.18579,MM,OANDA DIVISION1,REAL,MT4,ZMQ,EURUSD
54,2020-11-22 14:58:05.462000,2020-11-22 14:58:05.581000,2020-11-22 14:58:05.583743,119.0,2.743,121.743,1.18549,1.18579,MM,OANDA DIVISION1,REAL,MT4,ZMQ,EURUSD
55,2020-11-22 14:58:05.585000,2020-11-22 14:58:05.704000,2020-11-22 14:58:05.705742,119.0,1.742,120.742,1.18549,1.18579,MM,OANDA DIVISION1,REAL,MT4,ZMQ,EURUSD
56,2020-11-22 14:58:05.682000,2020-11-22 14:58:05.801000,2020-11-22 14:58:05.802743,119.0,1.743,120.743,1.18549,1.18579,MM,OANDA DIVISION1,REAL,MT4,ZMQ,EURUSD
57,2020-11-22 14:58:05.794000,2020-11-22 14:58:05.913000,2020-11-22 14:58:05.914768,119.0,1.768,120.768,1.18549,1.18579,MM,OANDA DIVISION1,REAL,MT4,ZMQ,EURUSD
58,2020-11-22 14:58:05.902000,2020-11-22 14:58:06.021000,2020-11-22 14:58:06.023744,119.0,2.744,121.744,1.18549,1.18579,MM,OANDA DIVISION1,REAL,MT4,ZMQ,EURUSD
59,2020-11-22 14:58:06.011000,2020-11-22 14:58:06.130000,2020-11-22 14:58:06.132743,119.0,2.743,121.743,1.18549,1.18579,MM,OANDA DIVISION1,REAL,MT4,ZMQ,EURUSD
60,2020-11-22 14:58:06.119000,2020-11-22 14:58:06.238000,2020-11-22 14:58:06.240757,119.0,2.757,121.757,1.18549,1.18579,MM,OANDA DIVISION1,REAL,MT4,ZMQ,EURUSD
61,2020-11-22 14:58:06.228000,2020-11-22 14:58:06.347000,2020-11-22 14:58:06.348745,119.0,1.745,120.745,1.18549,1.18579,MM,OANDA DIVISION1,REAL,MT4,ZMQ,EURUSD
62,2020-11-22 14:58:06.338000,2020-11-22 14:58:06.457000,2020-11-22 14:58:06.458767,119.0,1.767,120.767,1.18549,1.18579,MM,OANDA DIVISION1,REAL,MT4,ZMQ,EURUSD
63,2020-11-22 14:58:06.448000,2020-11-22 14:58:06.567000,2020-11-22 14:58:06.568743,119.0,1.743,120.743,1.18549,1.18579,MM,OANDA DIVISION1,REAL,MT4,ZMQ,EURUSD
64,2020-11-22 14:58:06.557000,2020-11-22 14:58:06.676000,2020-11-22 14:58:06.678744,119.0,2.744,121.744,1.18549,1.18579,MM,OANDA DIVISION1,REAL,MT4,ZMQ,EURUSD
65,2020-11-22 14:58:06.665000,2020-11-22 14:58:06.784000,2020-11-22 14:58:06.785768,119.0,1.768,120.768,1.18549,1.18579,MM,OANDA DIVISION1,REAL,MT4,ZMQ,EURUSD
66,2020-11-22 14:58:06.776000,2020-11-22 14:58:06.895000,2020-11-22 14:58:06.896767,119.0,1.767,120.767,1.18549,1.18579,MM,OANDA DIVISION1,REAL,MT4,ZMQ,EURUSD
67,2020-11-22 14:58:06.884300,2020-11-22 14:58:07.003300,2020-11-22 14:58:07.004743,119.0,1.443,120.443,1.18549,1.18579,MM,OANDA DIVISION1,REAL,MT4,ZMQ,EURUSD
68,2020-11-22 14:58:06.993000,2020-11-22 14:58:07.112000,2020-11-22 14:58:07.113743,119.0,1.743,120.743,1.18549,1.18579,MM,OANDA DIVISION1,REAL,MT4,ZMQ,EURUSD
69,2020-11-22 14:58:07.106000,2020-11-22 14:58:07.225000,2020-11-22 14:58:07.226767,119.0,1.767,120.767,1.18549,1.18579,MM,OANDA DIVISION1,REAL,MT4,ZMQ,EURUSD
70,2020-11-22 14:58:07.215000,2020-11-22 14:58:07.334000,2020-11-22 14:58:07.335744,119.0,1.744,120.744,1.18549,1.18579,MM,OANDA DIVISION1,REAL,MT4,ZMQ,EURUSD
71,2020-11-22 14:58:07.334000,2020-11-22 14:58:07.453000,2020-11-22 14:58:07.454767,119.0,1.767,120.767,1.18549,1.18579,MM,OANDA DIVISION1,REAL,MT4,ZMQ,EURUSD
72,2020-11-22 14:58:07.431000,2020-11-22 14:58:07.550000,2020-11-22 14:58:07.551743,119.0,1.743,120.743,1.18549,1.18579,MM,OANDA DIVISION1,REAL,MT4,ZMQ,EURUSD
73,2020-11-22 14:58:07.541000,2020-11-22 14:58:07.660000,2020-11-22 14:58:07.661743,119.0,1.743,120.743,1.18549,1.18579,MM,OANDA DIVISION1,REAL,MT4,ZMQ,EURUSD
74,2020-11-22 14:58:07.649000,2020-11-22 14:58:07.768000,2020-11-22 14:58:07.769743,119.0,1.743,120.743,1.18549,1.18579,MM,OANDA DIVISION1,REAL,MT4,ZMQ,EURUSD
75,2020-11-22 14:58:07.765000,2020-11-22 14:58:07.884000,2020-11-22 14:58:07.886847,119.0,2.847,121.847,1.18549,1.18579,MM,OANDA DIVISION1,REAL,MT4,ZMQ,EURUSD
76,2020-11-22 14:58:07.872000,2020-11-22 14:58:07.991000,2020-11-22 14:58:07.993742,119.0,2.742,121.742,1.18549,1.18579,MM,OANDA DIVISION1,REAL,MT4,ZMQ,EURUSD
77,2020-11-22 14:58:07.980000,2020-11-22 14:58:08.099000,2020-11-22 14:58:08.101767,119.0,2.767,121.767,1.18549,1.18579,MM,OANDA DIVISION1,REAL,MT4,ZMQ,EURUSD
78,2020-11-22 14:58:08.087000,2020-11-22 14:58:08.206000,2020-11-22 14:58:08.207768,119.0,1.768,120.768,1.18549,1.18579,MM,OANDA DIVISION1,REAL,MT4,ZMQ,EURUSD
79,2020-11-22 14:58:08.196000,2020-11-22 14:58:08.315000,2020-11-22 14:58:08.316767,119.0,1.767,120.767,1.18549,1.18579,MM,OANDA DIVISION1,REAL,MT4,ZMQ,EURUSD
80,2020-11-22 14:58:08.308000,2020-11-22 14:58:08.427000,2020-11-22 14:58:08.428768,119.0,1.768,120.768,1.18549,1.18579,MM,OANDA DIVISION1,REAL,MT4,ZMQ,EURUSD
81,2020-11-22 14:58:08.416000,2020-11-22 14:58:08.535000,2020-11-22 14:58:08.537744,119.0,2.744,121.744,1.18549,1.18579,MM,OANDA DIVISION1,REAL,MT4,ZMQ,EURUSD
82,2020-11-22 14:58:08.524000,2020-11-22 14:58:08.643000,2020-11-22 14:58:08.644767,119.0,1.767,120.767,1.18549,1.18579,MM,OANDA DIVISION1,REAL,MT4,ZMQ,EURUSD
83,2020-11-22 14:58:08.634000,2020-11-22 14:58:08.753000,2020-11-22 14:58:08.754767,119.0,1.767,120.767,1.18549,1.18579,MM,OANDA DIVISION1,REAL,MT4,ZMQ,EURUSD
84,2020-11-22 14:58:08.743000,2020-11-22 14:58:08.862000,2020-11-22 14:58:08.863767,119.0,1.767,120.767,1.18549,1.18579,MM,OANDA DIVISION1,REAL,MT4,ZMQ,EURUSD
85,2020-11-22 14:58:08.852000,2020-11-22 14:58:08.971000,2020-11-22 14:58:08.972768,119.0,1.768,120.768,1.18549,1.18579,MM,OANDA DIVISION1,REAL,MT4,ZMQ,EURUSD
86,2020-11-22 14:58:08.964000,2020-11-22 14:58:09.083000,2020-11-22 14:58:09.084767,119.0,1.767,120.767,1.18549,1.18579,MM,OANDA DIVISION1,REAL,MT4,ZMQ,EURUSD
87,2020-11-22 14:58:09.083000,2020-11-22 14:58:09.202000,2020-11-22 14:58:09.203767,119.0,1.767,120.767,1.18549,1.18579,MM,OANDA DIVISION1,REAL,MT4,ZMQ,EURUSD
88,2020-11-22 14:58:09.180000,2020-11-22 14:58:09.299000,2020-11-22 14:58:09.301743,119.0,2.743,121.743,1.18549,1.18579,MM,OANDA DIVISION1,REAL,MT4,ZMQ,EURUSD
89,2020-11-22 14:58:09.291000,2020-11-22 14:58:09.410000,2020-11-22 14:58:09.411743,119.0,1.743,120.743,1.18549,1.18579,MM,OANDA DIVISION1,REAL,MT4,ZMQ,EURUSD
90,2020-11-22 14:58:09.403000,2020-11-22 14:58:09.522000,2020-11-22 14:58:09.524744,119.0,2.744,121.744,1.18549,1.18579,MM,OANDA DIVISION1,REAL,MT4,ZMQ,EURUSD
91,2020-11-22 14:58:09.510000,2020-11-22 14:58:09.629000,2020-11-22 14:58:09.630743,119.0,1.743,120.743,1.18549,1.18579,MM,OANDA DIVISION1,REAL,MT4,ZMQ,EURUSD
92,2020-11-22 14:58:09.622000,2020-11-22 14:58:09.741000,2020-11-22 14:58:09.742743,119.0,1.743,120.743,1.18549,1.18579,MM,OANDA DIVISION1,REAL,MT4,ZMQ,EURUSD
93,2020-11-22 14:58:09.728000,2020-11-22 14:58:09.847000,2020-11-22 14:58:09.848742,119.0,1.742,120.742,1.18549,1.18579,MM,OANDA DIVISION1,REAL,MT4,ZMQ,EURUSD
94,2020-11-22 14:58:09.839000,2020-11-22 14:58:09.958000,2020-11-22 14:58:09.959767,119.0,1.767,120.767,1.18549,1.18579,MM,OANDA DIVISION1,REAL,MT4,ZMQ,EURUSD
95,2020-11-22 14:58:09.946000,2020-11-22 14:58:10.065000,2020-11-22 14:58:10.066767,119.0,1.767,120.767,1.18549,1.18579,MM,OANDA DIVISION1,REAL,MT4,ZMQ,EURUSD
96,2020-11-22 14:58:10.057000,2020-11-22 14:58:10.176000,2020-11-22 14:58:10.178767,119.0,2.767,121.767,1.18549,1.18579,MM,OANDA DIVISION1,REAL,MT4,ZMQ,EURUSD
97,2020-11-22 14:58:10.169000,2020-11-22 14:58:10.288000,2020-11-22 14:58:10.289744,119.0,1.744,120.744,1.18549,1.18579,MM,OANDA DIVISION1,REAL,MT4,ZMQ,EURUSD
98,2020-11-22 14:58:10.278000,2020-11-22 14:58:10.397000,2020-11-22 14:58:10.398743,119.0,1.743,120.743,1.18549,1.18579,MM,OANDA DIVISION1,REAL,MT4,ZMQ,EURUSD
99,2020-11-22 14:58:10.385000,2020-11-22 14:58:10.504000,2020-11-22 14:58:10.505743,119.0,1.743,120.743,1.18549,1.18579,MM,OANDA DIVISION1,REAL,MT4,ZMQ,EURUSD
100,2020-11-22 14:58:10.497000,2020-11-22 14:58:10.616000,2020-11-22 14:58:10.617767,119.0,1.767,120.767,1.18549,1.18579,MM,OANDA DIVISION1,REAL,MT4,ZMQ,EURUSD
101,2020-11-22 14:58:10.605000,2020-11-22 14:58:10.724000,2020-11-22 14:58:10.725767,119.0,1.767,120.767,1.18549,1.18579,MM,OANDA DIVISION1,REAL,MT4,ZMQ,EURUSD
102,2020-11-22 14:58:10.716000,2020-11-22 14:58:10.835000,2020-11-22 14:58:10.836768,119.0,1.768,120.768,1.18549,1.18579,MM,OANDA DIVISION1,REAL,MT4,ZMQ,EURUSD
103,2020-11-22 14:58:10.829000,2020-11-22 14:58:10.948000,2020-11-22 14:58:10.949743,119.0,1.743,120.743,1.18549,1.18579,MM,OANDA DIVISION1,REAL,MT4,ZMQ,EURUSD
104,2020-11-22 14:58:10.931000,2020-11-22 14:58:11.050000,2020-11-22 14:58:11.051743,119.0,1.743,120.743,1.18549,1.18579,MM,OANDA DIVISION1,REAL,MT4,ZMQ,EURUSD
105,2020-11-22 14:58:11.041000,2020-11-22 14:58:11.160000,2020-11-22 14:58:11.161767,119.0,1.767,120.767,1.18549,1.18579,MM,OANDA DIVISION1,REAL,MT4,ZMQ,EURUSD
106,2020-11-22 14:58:11.149000,2020-11-22 14:58:11.268000,2020-11-22 14:58:11.269743,119.0,1.743,120.743,1.18549,1.18579,MM,OANDA DIVISION1,REAL,MT4,ZMQ,EURUSD
107,2020-11-22 14:58:11.259000,2020-11-22 14:58:11.378000,2020-11-22 14:58:11.379768,119.0,1.768,120.768,1.18549,1.18579,MM,OANDA DIVISION1,REAL,MT4,ZMQ,EURUSD
108,2020-11-22 14:58:11.372000,2020-11-22 14:58:11.491000,2020-11-22 14:58:11.492767,119.0,1.767,120.767,1.18549,1.18579,MM,OANDA DIVISION1,REAL,MT4,ZMQ,EURUSD
109,2020-11-22 14:58:11.478000,2020-11-22 14:58:11.597000,2020-11-22 14:58:11.598767,119.0,1.767,120.767,1.18549,1.18579,MM,OANDA DIVISION1,REAL,MT4,ZMQ,EURUSD
110,2020-11-22 14:58:11.589000,2020-11-22 14:58:11.708000,2020-11-22 14:58:11.709742,119.0,1.742,120.742,1.18549,1.18579,MM,OANDA DIVISION1,REAL,MT4,ZMQ,EURUSD
111,2020-11-22 14:58:11.696000,2020-11-22 14:58:11.815000,2020-11-22 14:58:11.816742,119.0,1.742,120.742,1.18549,1.18579,MM,OANDA DIVISION1,REAL,MT4,ZMQ,EURUSD
112,2020-11-22 14:58:11.809000,2020-11-22 14:58:11.928000,2020-11-22 14:58:11.930744,119.0,2.744,121.744,1.18549,1.18579,MM,OANDA DIVISION1,REAL,MT4,ZMQ,EURUSD
113,2020-11-22 14:58:11.918000,2020-11-22 14:58:12.037000,2020-11-22 14:58:12.038742,119.0,1.742,120.742,1.18549,1.18579,MM,OANDA DIVISION1,REAL,MT4,ZMQ,EURUSD
114,2020-11-22 14:58:12.025000,2020-11-22 14:58:12.144000,2020-11-22 14:58:12.145770,119.0,1.77,120.77,1.18549,1.18579,MM,OANDA DIVISION1,REAL,MT4,ZMQ,EURUSD
115,2020-11-22 14:58:12.135000,2020-11-22 14:58:12.254000,2020-11-22 14:58:12.255767,119.0,1.767,120.767,1.18549,1.18579,MM,OANDA DIVISION1,REAL,MT4,ZMQ,EURUSD
116,2020-11-22 14:58:12.243000,2020-11-22 14:58:12.362000,2020-11-22 14:58:12.363767,119.0,1.767,120.767,1.18549,1.18579,MM,OANDA DIVISION1,REAL,MT4,ZMQ,EURUSD
117,2020-11-22 14:58:12.355000,2020-11-22 14:58:12.474000,2020-11-22 14:58:12.475742,119.0,1.742,120.742,1.18549,1.18579,MM,OANDA DIVISION1,REAL,MT4,ZMQ,EURUSD
118,2020-11-22 14:58:12.462000,2020-11-22 14:58:12.581000,2020-11-22 14:58:12.583767,119.0,2.767,121.767,1.18549,1.18579,MM,OANDA DIVISION1,REAL,MT4,ZMQ,EURUSD
119,2020-11-22 14:58:12.579000,2020-11-22 14:58:12.698000,2020-11-22 14:58:12.700742,119.0,2.742,121.742,1.18549,1.18579,MM,OANDA DIVISION1,REAL,MT4,ZMQ,EURUSD
120,2020-11-22 14:58:12.680000,2020-11-22 14:58:12.799000,2020-11-22 14:58:12.800767,119.0,1.767,120.767,1.18549,1.18579,MM,OANDA DIVISION1,REAL,MT4,ZMQ,EURUSD
121,2020-11-22 14:58:12.794000,2020-11-22 14:58:12.913000,2020-11-22 14:58:12.914767,119.0,1.767,120.767,1.18549,1.18579,MM,OANDA DIVISION1,REAL,MT4,ZMQ,EURUSD
122,2020-11-22 14:58:12.902000,2020-11-22 14:58:13.021000,2020-11-22 14:58:13.022767,119.0,1.767,120.767,1.18549,1.18579,MM,OANDA DIVISION1,REAL,MT4,ZMQ,EURUSD
123,2020-11-22 14:58:13.009000,2020-11-22 14:58:13.128000,2020-11-22 14:58:13.129767,119.0,1.767,120.767,1.18549,1.18579,MM,OANDA DIVISION1,REAL,MT4,ZMQ,EURUSD
124,2020-11-22 14:58:13.118000,2020-11-22 14:58:13.237000,2020-11-22 14:58:13.238767,119.0,1.767,120.767,1.18549,1.18579,MM,OANDA DIVISION1,REAL,MT4,ZMQ,EURUSD
125,2020-11-22 14:58:13.227000,2020-11-22 14:58:13.346000,2020-11-22 14:58:13.347743,119.0,1.743,120.743,1.18549,1.18579,MM,OANDA DIVISION1,REAL,MT4,ZMQ,EURUSD
126,2020-11-22 14:58:13.337000,2020-11-22 14:58:13.456000,2020-11-22 14:58:13.457743,119.0,1.743,120.743,1.18549,1.18579,MM,OANDA DIVISION1,REAL,MT4,ZMQ,EURUSD
127,2020-11-22 14:58:13.446000,2020-11-22 14:58:13.565000,2020-11-22 14:58:13.566743,119.0,1.743,120.743,1.18549,1.18579,MM,OANDA DIVISION1,REAL,MT4,ZMQ,EURUSD
128,2020-11-22 14:58:13.560000,2020-11-22 14:58:13.679000,2020-11-22 14:58:13.681743,119.0,2.743,121.743,1.18549,1.18579,MM,OANDA DIVISION1,REAL,MT4,ZMQ,EURUSD
129,2020-11-22 14:58:13.668000,2020-11-22 14:58:13.787000,2020-11-22 14:58:13.788743,119.0,1.743,120.743,1.18549,1.18579,MM,OANDA DIVISION1,REAL,MT4,ZMQ,EURUSD
130,2020-11-22 14:58:13.775000,2020-11-22 14:58:13.894000,2020-11-22 14:58:13.895765,119.0,1.765,120.765,1.18549,1.18579,MM,OANDA DIVISION1,REAL,MT4,ZMQ,EURUSD
131,2020-11-22 14:58:13.886500,2020-11-22 14:58:14.005500,2020-11-22 14:58:14.006744,119.0,1.244,120.244,1.18549,1.18579,MM,OANDA DIVISION1,REAL,MT4,ZMQ,EURUSD
132,2020-11-22 14:58:13.998000,2020-11-22 14:58:14.117000,2020-11-22 14:58:14.118743,119.0,1.743,120.743,1.18549,1.18579,MM,OANDA DIVISION1,REAL,MT4,ZMQ,EURUSD
133,2020-11-22 14:58:14.102000,2020-11-22 14:58:14.221000,2020-11-22 14:58:14.222767,119.0,1.767,120.767,1.18549,1.18579,MM,OANDA DIVISION1,REAL,MT4,ZMQ,EURUSD
134,2020-11-22 14:58:14.215000,2020-11-22 14:58:14.334000,2020-11-22 14:58:14.335766,119.0,1.766,120.766,1.18549,1.18579,MM,OANDA DIVISION1,REAL,MT4,ZMQ,EURUSD
135,2020-11-22 14:58:14.330000,2020-11-22 14:58:14.449000,2020-11-22 14:58:14.451743,119.0,2.743,121.743,1.18549,1.18579,MM,OANDA DIVISION1,REAL,MT4,ZMQ,EURUSD
136,2020-11-22 14:58:14.433000,2020-11-22 14:58:14.552000,2020-11-22 14:58:14.554743,119.0,2.743,121.743,1.18549,1.18579,MM,OANDA DIVISION1,REAL,MT4,ZMQ,EURUSD
137,2020-11-22 14:58:14.543000,2020-11-22 14:58:14.662000,2020-11-22 14:58:14.663743,119.0,1.743,120.743,1.18549,1.18579,MM,OANDA DIVISION1,REAL,MT4,ZMQ,EURUSD
138,2020-11-22 14:58:14.652000,2020-11-22 14:58:14.771000,2020-11-22 14:58:14.772743,119.0,1.743,120.743,1.18549,1.18579,MM,OANDA DIVISION1,REAL,MT4,ZMQ,EURUSD
139,2020-11-22 14:58:14.763000,2020-11-22 14:58:14.882000,2020-11-22 14:58:14.883743,119.0,1.743,120.743,1.18549,1.18579,MM,OANDA DIVISION1,REAL,MT4,ZMQ,EURUSD
140,2020-11-22 14:58:14.869000,2020-11-22 14:58:14.988000,2020-11-22 14:58:14.989766,119.0,1.766,120.766,1.18549,1.18579,MM,OANDA DIVISION1,REAL,MT4,ZMQ,EURUSD
141,2020-11-22 14:58:14.977000,2020-11-22 14:58:15.096000,2020-11-22 14:58:15.097767,119.0,1.767,120.767,1.18549,1.18579,MM,OANDA DIVISION1,REAL,MT4,ZMQ,EURUSD
142,2020-11-22 14:58:15.087000,2020-11-22 14:58:15.206000,2020-11-22 14:58:15.207769,119.0,1.769,120.769,1.18549,1.18579,MM,OANDA DIVISION1,REAL,MT4,ZMQ,EURUSD
143,2020-11-22 14:58:15.197000,2020-11-22 14:58:15.316000,2020-11-22 14:58:15.317743,119.0,1.743,120.743,1.18549,1.18579,MM,OANDA DIVISION1,REAL,MT4,ZMQ,EURUSD
144,2020-11-22 14:58:15.308000,2020-11-22 14:58:15.427000,2020-11-22 14:58:15.428823,119.0,1.823,120.823,1.18549,1.18579,MM,OANDA DIVISION1,REAL,MT4,ZMQ,EURUSD
145,2020-11-22 14:58:15.417000,2020-11-22 14:58:15.536000,2020-11-22 14:58:15.537767,119.0,1.767,120.767,1.18549,1.18579,MM,OANDA DIVISION1,REAL,MT4,ZMQ,EURUSD
146,2020-11-22 14:58:15.525000,2020-11-22 14:58:15.644000,2020-11-22 14:58:15.645767,119.0,1.767,120.767,1.18549,1.18579,MM,OANDA DIVISION1,REAL,MT4,ZMQ,EURUSD
147,2020-11-22 14:58:15.638000,2020-11-22 14:58:15.757000,2020-11-22 14:58:15.758767,119.0,1.767,120.767,1.18549,1.18579,MM,OANDA DIVISION1,REAL,MT4,ZMQ,EURUSD
148,2020-11-22 14:58:15.746000,2020-11-22 14:58:15.865000,2020-11-22 14:58:15.866743,119.0,1.743,120.743,1.18549,1.18579,MM,OANDA DIVISION1,REAL,MT4,ZMQ,EURUSD
149,2020-11-22 14:58:15.852000,2020-11-22 14:58:15.971000,2020-11-22 14:58:15.972765,119.0,1.765,120.765,1.18549,1.18579,MM,OANDA DIVISION1,REAL,MT4,ZMQ,EURUSD
150,2020-11-22 14:58:15.964000,2020-11-22 14:58:16.083000,2020-11-22 14:58:16.084767,119.0,1.767,120.767,1.18549,1.18579,MM,OANDA DIVISION1,REAL,MT4,ZMQ,EURUSD
151,2020-11-22 14:58:16.080000,2020-11-22 14:58:16.199000,2020-11-22 14:58:16.201767,119.0,2.767,121.767,1.18549,1.18579,MM,OANDA DIVISION1,REAL,MT4,ZMQ,EURUSD
152,2020-11-22 14:58:16.182000,2020-11-22 14:58:16.301000,2020-11-22 14:58:16.302771,119.0,1.771,120.771,1.18549,1.18579,MM,OANDA DIVISION1,REAL,MT4,ZMQ,EURUSD
153,2020-11-22 14:58:16.292000,2020-11-22 14:58:16.411000,2020-11-22 14:58:16.412767,119.0,1.767,120.767,1.18549,1.18579,MM,OANDA DIVISION1,REAL,MT4,ZMQ,EURUSD
154,2020-11-22 14:58:16.403000,2020-11-22 14:58:16.522000,2020-11-22 14:58:16.523768,119.0,1.768,120.768,1.18549,1.18579,MM,OANDA DIVISION1,REAL,MT4,ZMQ,EURUSD
155,2020-11-22 14:58:16.512000,2020-11-22 14:58:16.631000,2020-11-22 14:58:16.632767,119.0,1.767,120.767,1.18549,1.18579,MM,OANDA DIVISION1,REAL,MT4,ZMQ,EURUSD
156,2020-11-22 14:58:16.620000,2020-11-22 14:58:16.739000,2020-11-22 14:58:16.740767,119.0,1.767,120.767,1.18549,1.18579,MM,OANDA DIVISION1,REAL,MT4,ZMQ,EURUSD
157,2020-11-22 14:58:16.727000,2020-11-22 14:58:16.846000,2020-11-22 14:58:16.848742,119.0,2.742,121.742,1.18549,1.18579,MM,OANDA DIVISION1,REAL,MT4,ZMQ,EURUSD
158,2020-11-22 14:58:16.839000,2020-11-22 14:58:16.958000,2020-11-22 14:58:16.960742,119.0,2.742,121.742,1.18549,1.18579,MM,OANDA DIVISION1,REAL,MT4,ZMQ,EURUSD
159,2020-11-22 14:58:16.949000,2020-11-22 14:58:17.068000,2020-11-22 14:58:17.069767,119.0,1.767,120.767,1.18549,1.18579,MM,OANDA DIVISION1,REAL,MT4,ZMQ,EURUSD
160,2020-11-22 14:58:17.055000,2020-11-22 14:58:17.174000,2020-11-22 14:58:17.175771,119.0,1.771,120.771,1.18549,1.18579,MM,OANDA DIVISION1,REAL,MT4,ZMQ,EURUSD
161,2020-11-22 14:58:17.168000,2020-11-22 14:58:17.287000,2020-11-22 14:58:17.288749,119.0,1.749,120.749,1.18549,1.18579,MM,OANDA DIVISION1,REAL,MT4,ZMQ,EURUSD
162,2020-11-22 14:58:17.279000,2020-11-22 14:58:17.398000,2020-11-22 14:58:17.399743,119.0,1.743,120.743,1.18549,1.18579,MM,OANDA DIVISION1,REAL,MT4,ZMQ,EURUSD
163,2020-11-22 14:58:17.389000,2020-11-22 14:58:17.508000,2020-11-22 14:58:17.509767,119.0,1.767,120.767,1.18549,1.18579,MM,OANDA DIVISION1,REAL,MT4,ZMQ,EURUSD
164,2020-11-22 14:58:17.496000,2020-11-22 14:58:17.615000,2020-11-22 14:58:17.616767,119.0,1.767,120.767,1.18549,1.18579,MM,OANDA DIVISION1,REAL,MT4,ZMQ,EURUSD
165,2020-11-22 14:58:17.603000,2020-11-22 14:58:17.722000,2020-11-22 14:58:17.723743,119.0,1.743,120.743,1.18549,1.18579,MM,OANDA DIVISION1,REAL,MT4,ZMQ,EURUSD
166,2020-11-22 14:58:17.712000,2020-11-22 14:58:17.831000,2020-11-22 14:58:17.832743,119.0,1.743,120.743,1.18549,1.18579,MM,OANDA DIVISION1,REAL,MT4,ZMQ,EURUSD
167,2020-11-22 14:58:17.831000,2020-11-22 14:58:17.950000,2020-11-22 14:58:17.952744,119.0,2.744,121.744,1.18549,1.18579,MM,OANDA DIVISION1,REAL,MT4,ZMQ,EURUSD
168,2020-11-22 14:58:17.931000,2020-11-22 14:58:18.050000,2020-11-22 14:58:18.051743,119.0,1.743,120.743,1.18549,1.18579,MM,OANDA DIVISION1,REAL,MT4,ZMQ,EURUSD
169,2020-11-22 14:58:18.044000,2020-11-22 14:58:18.163000,2020-11-22 14:58:18.164743,119.0,1.743,120.743,1.18549,1.18579,MM,OANDA DIVISION1,REAL,MT4,ZMQ,EURUSD
170,2020-11-22 14:58:18.150000,2020-11-22 14:58:18.269000,2020-11-22 14:58:18.270767,119.0,1.767,120.767,1.18549,1.18579,MM,OANDA DIVISION1,REAL,MT4,ZMQ,EURUSD
171,2020-11-22 14:58:18.260000,2020-11-22 14:58:18.379000,2020-11-22 14:58:18.380767,119.0,1.767,120.767,1.18549,1.18579,MM,OANDA DIVISION1,REAL,MT4,ZMQ,EURUSD
172,2020-11-22 14:58:18.369000,2020-11-22 14:58:18.488000,2020-11-22 14:58:18.490789,119.0,2.789,121.789,1.18549,1.18579,MM,OANDA DIVISION1,REAL,MT4,ZMQ,EURUSD
173,2020-11-22 14:58:18.477000,2020-11-22 14:58:18.596000,2020-11-22 14:58:18.597744,119.0,1.744,120.744,1.18549,1.18579,MM,OANDA DIVISION1,REAL,MT4,ZMQ,EURUSD
174,2020-11-22 14:58:18.587000,2020-11-22 14:58:18.706000,2020-11-22 14:58:18.707766,119.0,1.766,120.766,1.18549,1.18579,MM,OANDA DIVISION1,REAL,MT4,ZMQ,EURUSD
175,2020-11-22 14:58:18.700000,2020-11-22 14:58:18.819000,2020-11-22 14:58:18.820741,119.0,1.741,120.741,1.18549,1.18579,MM,OANDA DIVISION1,REAL,MT4,ZMQ,EURUSD
176,2020-11-22 14:58:18.809000,2020-11-22 14:58:18.928000,2020-11-22 14:58:18.929743,119.0,1.743,120.743,1.18549,1.18579,MM,OANDA DIVISION1,REAL,MT4,ZMQ,EURUSD
177,2020-11-22 14:58:18.919000,2020-11-22 14:58:19.038000,2020-11-22 14:58:19.039767,119.0,1.767,120.767,1.18549,1.18579,MM,OANDA DIVISION1,REAL,MT4,ZMQ,EURUSD
178,2020-11-22 14:58:19.024000,2020-11-22 14:58:19.143000,2020-11-22 14:58:19.144767,119.0,1.767,120.767,1.18549,1.18579,MM,OANDA DIVISION1,REAL,MT4,ZMQ,EURUSD
179,2020-11-22 14:58:19.138000,2020-11-22 14:58:19.257000,2020-11-22 14:58:19.258766,119.0,1.766,120.766,1.18549,1.18579,MM,OANDA DIVISION1,REAL,MT4,ZMQ,EURUSD
180,2020-11-22 14:58:19.247000,2020-11-22 14:58:19.366000,2020-11-22 14:58:19.367743,119.0,1.743,120.743,1.18549,1.18579,MM,OANDA DIVISION1,REAL,MT4,ZMQ,EURUSD
181,2020-11-22 14:58:19.354000,2020-11-22 14:58:19.473000,2020-11-22 14:58:19.474743,119.0,1.743,120.743,1.18549,1.18579,MM,OANDA DIVISION1,REAL,MT4,ZMQ,EURUSD
182,2020-11-22 14:58:19.466000,2020-11-22 14:58:19.585000,2020-11-22 14:58:19.586743,119.0,1.743,120.743,1.18549,1.18579,MM,OANDA DIVISION1,REAL,MT4,ZMQ,EURUSD
183,2020-11-22 14:58:19.579000,2020-11-22 14:58:19.698000,2020-11-22 14:58:19.699743,119.0,1.743,120.743,1.18549,1.18579,MM,OANDA DIVISION1,REAL,MT4,ZMQ,EURUSD
184,2020-11-22 14:58:19.681000,2020-11-22 14:58:19.800000,2020-11-22 14:58:19.801743,119.0,1.743,120.743,1.18549,1.18579,MM,OANDA DIVISION1,REAL,MT4,ZMQ,EURUSD
185,2020-11-22 14:58:19.791000,2020-11-22 14:58:19.910000,2020-11-22 14:58:19.911743,119.0,1.743,120.743,1.18549,1.18579,MM,OANDA DIVISION1,REAL,MT4,ZMQ,EURUSD
186,2020-11-22 14:58:19.901000,2020-11-22 14:58:20.020000,2020-11-22 14:58:20.021767,119.0,1.767,120.767,1.18549,1.18579,MM,OANDA DIVISION1,REAL,MT4,ZMQ,EURUSD
187,2020-11-22 14:58:20.009000,2020-11-22 14:58:20.128000,2020-11-22 14:58:20.129768,119.0,1.768,120.768,1.18549,1.18579,MM,OANDA DIVISION1,REAL,MT4,ZMQ,EURUSD
188,2020-11-22 14:58:20.119000,2020-11-22 14:58:20.238000,2020-11-22 14:58:20.239742,119.0,1.742,120.742,1.18549,1.18579,MM,OANDA DIVISION1,REAL,MT4,ZMQ,EURUSD
189,2020-11-22 14:58:20.231000,2020-11-22 14:58:20.350000,2020-11-22 14:58:20.351743,119.0,1.743,120.743,1.18549,1.18579,MM,OANDA DIVISION1,REAL,MT4,ZMQ,EURUSD
190,2020-11-22 14:58:20.337000,2020-11-22 14:58:20.456000,2020-11-22 14:58:20.457743,119.0,1.743,120.743,1.18549,1.18579,MM,OANDA DIVISION1,REAL,MT4,ZMQ,EURUSD
191,2020-11-22 14:58:20.448000,2020-11-22 14:58:20.567000,2020-11-22 14:58:20.568743,119.0,1.743,120.743,1.18549,1.18579,MM,OANDA DIVISION1,REAL,MT4,ZMQ,EURUSD
192,2020-11-22 14:58:20.557000,2020-11-22 14:58:20.676000,2020-11-22 14:58:20.678741,119.0,2.741,121.741,1.18549,1.18579,MM,OANDA DIVISION1,REAL,MT4,ZMQ,EURUSD
193,2020-11-22 14:58:20.666000,2020-11-22 14:58:20.785000,2020-11-22 14:58:20.787767,119.0,2.767,121.767,1.18549,1.18579,MM,OANDA DIVISION1,REAL,MT4,ZMQ,EURUSD
194,2020-11-22 14:58:20.774000,2020-11-22 14:58:20.893000,2020-11-22 14:58:20.894767,119.0,1.767,120.767,1.18549,1.18579,MM,OANDA DIVISION1,REAL,MT4,ZMQ,EURUSD
195,2020-11-22 14:58:20.884300,2020-11-22 14:58:21.003300,2020-11-22 14:58:21.004768,119.0,1.468,120.468,1.18549,1.18579,MM,OANDA DIVISION1,REAL,MT4,ZMQ,EURUSD
196,2020-11-22 14:58:20.995000,2020-11-22 14:58:21.114000,2020-11-22 14:58:21.115768,119.0,1.768,120.768,1.18549,1.18579,MM,OANDA DIVISION1,REAL,MT4,ZMQ,EURUSD
197,2020-11-22 14:58:21.107000,2020-11-22 14:58:21.226000,2020-11-22 14:58:21.227771,119.0,1.771,120.771,1.18549,1.18579,MM,OANDA DIVISION1,REAL,MT4,ZMQ,EURUSD
198,2020-11-22 14:58:21.212000,2020-11-22 14:58:21.331000,2020-11-22 14:58:21.332743,119.0,1.743,120.743,1.18549,1.18579,MM,OANDA DIVISION1,REAL,MT4,ZMQ,EURUSD
199,2020-11-22 14:58:21.329000,2020-11-22 14:58:21.448000,2020-11-22 14:58:21.450767,119.0,2.767,121.767,1.18549,1.18579,MM,OANDA DIVISION1,REAL,MT4,ZMQ,EURUSD
200,2020-11-22 14:58:21.430000,2020-11-22 14:58:21.549000,2020-11-22 14:58:21.550743,119.0,1.743,120.743,1.18549,1.18579,MM,OANDA DIVISION1,REAL,MT4,ZMQ,EURUSD
201,2020-11-22 14:58:21.543000,2020-11-22 14:58:21.662000,2020-11-22 14:58:21.663770,119.0,1.77,120.77,1.18549,1.18579,MM,OANDA DIVISION1,REAL,MT4,ZMQ,EURUSD
202,2020-11-22 14:58:21.651000,2020-11-22 14:58:21.770000,2020-11-22 14:58:21.771743,119.0,1.743,120.743,1.18549,1.18579,MM,OANDA DIVISION1,REAL,MT4,ZMQ,EURUSD
203,2020-11-22 14:58:21.761000,2020-11-22 14:58:21.880000,2020-11-22 14:58:21.881766,119.0,1.766,120.766,1.18549,1.18579,MM,OANDA DIVISION1,REAL,MT4,ZMQ,EURUSD
204,2020-11-22 14:58:21.869000,2020-11-22 14:58:21.988000,2020-11-22 14:58:21.989767,119.0,1.767,120.767,1.18549,1.18579,MM,OANDA DIVISION1,REAL,MT4,ZMQ,EURUSD
205,2020-11-22 14:58:21.980000,2020-11-22 14:58:22.099000,2020-11-22 14:58:22.100767,119.0,1.767,120.767,1.18549,1.18579,MM,OANDA DIVISION1,REAL,MT4,ZMQ,EURUSD
206,2020-11-22 14:58:22.090000,2020-11-22 14:58:22.209000,2020-11-22 14:58:22.210757,119.0,1.757,120.757,1.18549,1.18579,MM,OANDA DIVISION1,REAL,MT4,ZMQ,EURUSD
207,2020-11-22 14:58:22.198000,2020-11-22 14:58:22.317000,2020-11-22 14:58:22.318768,119.0,1.768,120.768,1.18549,1.18579,MM,OANDA DIVISION1,REAL,MT4,ZMQ,EURUSD
208,2020-11-22 14:58:22.305000,2020-11-22 14:58:22.424000,2020-11-22 14:58:22.425767,119.0,1.767,120.767,1.18549,1.18579,MM,OANDA DIVISION1,REAL,MT4,ZMQ,EURUSD
209,2020-11-22 14:58:22.415000,2020-11-22 14:58:22.534000,2020-11-22 14:58:22.535251,119.0,1.251,120.251,1.18549,1.18579,MM,OANDA DIVISION1,REAL,MT4,ZMQ,EURUSD
210,2020-11-22 14:58:22.526000,2020-11-22 14:58:22.645000,2020-11-22 14:58:22.646278,119.0,1.278,120.278,1.18549,1.18579,MM,OANDA DIVISION1,REAL,MT4,ZMQ,EURUSD
211,2020-11-22 14:58:22.635000,2020-11-22 14:58:22.754000,2020-11-22 14:58:22.755276,119.0,1.276,120.276,1.18549,1.18579,MM,OANDA DIVISION1,REAL,MT4,ZMQ,EURUSD
212,2020-11-22 14:58:22.745000,2020-11-22 14:58:22.864000,2020-11-22 14:58:22.865278,119.0,1.278,120.278,1.18549,1.18579,MM,OANDA DIVISION1,REAL,MT4,ZMQ,EURUSD
213,2020-11-22 14:58:22.853000,2020-11-22 14:58:22.972000,2020-11-22 14:58:22.978251,119.0,6.251,125.251,1.18549,1.18579,MM,OANDA DIVISION1,REAL,MT4,ZMQ,EURUSD
214,2020-11-22 14:58:22.963000,2020-11-22 14:58:23.082000,2020-11-22 14:58:23.083251,119.0,1.251,120.251,1.18549,1.18579,MM,OANDA DIVISION1,REAL,MT4,ZMQ,EURUSD
215,2020-11-22 14:58:23.084000,2020-11-22 14:58:23.203000,2020-11-22 14:58:23.204274,119.0,1.274,120.274,1.18549,1.18579,MM,OANDA DIVISION1,REAL,MT4,ZMQ,EURUSD
216,2020-11-22 14:58:23.185000,2020-11-22 14:58:23.304000,2020-11-22 14:58:23.305275,119.0,1.275,120.275,1.18549,1.18579,MM,OANDA DIVISION1,REAL,MT4,ZMQ,EURUSD
217,2020-11-22 14:58:23.291000,2020-11-22 14:58:23.410000,2020-11-22 14:58:23.411250,119.0,1.25,120.25,1.18549,1.18579,MM,OANDA DIVISION1,REAL,MT4,ZMQ,EURUSD
218,2020-11-22 14:58:23.403000,2020-11-22 14:58:23.522000,2020-11-22 14:58:23.523276,119.0,1.276,120.276,1.18549,1.18579,MM,OANDA DIVISION1,REAL,MT4,ZMQ,EURUSD
219,2020-11-22 14:58:23.511000,2020-11-22 14:58:23.630000,2020-11-22 14:58:23.631275,119.0,1.275,120.275,1.18549,1.18579,MM,OANDA DIVISION1,REAL,MT4,ZMQ,EURUSD
220,2020-11-22 14:58:23.620000,2020-11-22 14:58:23.739000,2020-11-22 14:58:23.740252,119.0,1.252,120.252,1.18549,1.18579,MM,OANDA DIVISION1,REAL,MT4,ZMQ,EURUSD
221,2020-11-22 14:58:23.728000,2020-11-22 14:58:23.847000,2020-11-22 14:58:23.848251,119.0,1.251,120.251,1.18549,1.18579,MM,OANDA DIVISION1,REAL,MT4,ZMQ,EURUSD
222,2020-11-22 14:58:23.841000,2020-11-22 14:58:23.960000,2020-11-22 14:58:23.961252,119.0,1.252,120.252,1.18549,1.18579,MM,OANDA DIVISION1,REAL,MT4,ZMQ,EURUSD
223,2020-11-22 14:58:23.949000,2020-11-22 14:58:24.068000,2020-11-22 14:58:24.069252,119.0,1.252,120.252,1.18549,1.18579,MM,OANDA DIVISION1,REAL,MT4,ZMQ,EURUSD
224,2020-11-22 14:58:24.061000,2020-11-22 14:58:24.180000,2020-11-22 14:58:24.181252,119.0,1.252,120.252,1.18549,1.18579,MM,OANDA DIVISION1,REAL,MT4,ZMQ,EURUSD
225,2020-11-22 14:58:24.168000,2020-11-22 14:58:24.287000,2020-11-22 14:58:24.288280,119.0,1.28,120.28,1.18549,1.18579,MM,OANDA DIVISION1,REAL,MT4,ZMQ,EURUSD
226,2020-11-22 14:58:24.278000,2020-11-22 14:58:24.397000,2020-11-22 14:58:24.398276,119.0,1.276,120.276,1.18549,1.18579,MM,OANDA DIVISION1,REAL,MT4,ZMQ,EURUSD
227,2020-11-22 14:58:24.385000,2020-11-22 14:58:24.504000,2020-11-22 14:58:24.505252,119.0,1.252,120.252,1.18549,1.18579,MM,OANDA DIVISION1,REAL,MT4,ZMQ,EURUSD
228,2020-11-22 14:58:24.494000,2020-11-22 14:58:24.613000,2020-11-22 14:58:24.614277,119.0,1.277,120.277,1.18549,1.18579,MM,OANDA DIVISION1,REAL,MT4,ZMQ,EURUSD
229,2020-11-22 14:58:24.606000,2020-11-22 14:58:24.725000,2020-11-22 14:58:24.726276,119.0,1.276,120.276,1.18549,1.18579,MM,OANDA DIVISION1,REAL,MT4,ZMQ,EURUSD
230,2020-11-22 14:58:24.712000,2020-11-22 14:58:24.831000,2020-11-22 14:58:24.832275,119.0,1.275,120.275,1.18549,1.18579,MM,OANDA DIVISION1,REAL,MT4,ZMQ,EURUSD
231,2020-11-22 14:58:24.833000,2020-11-22 14:58:24.952000,2020-11-22 14:58:24.953276,119.0,1.276,120.276,1.18549,1.18579,MM,OANDA DIVISION1,REAL,MT4,ZMQ,EURUSD
232,2020-11-22 14:58:24.935000,2020-11-22 14:58:25.054000,2020-11-22 14:58:25.055251,119.0,1.251,120.251,1.18549,1.18579,MM,OANDA DIVISION1,REAL,MT4,ZMQ,EURUSD
233,2020-11-22 14:58:25.040000,2020-11-22 14:58:25.159000,2020-11-22 14:58:25.160251,119.0,1.251,120.251,1.18549,1.18579,MM,OANDA DIVISION1,REAL,MT4,ZMQ,EURUSD
234,2020-11-22 14:58:25.151000,2020-11-22 14:58:25.270000,2020-11-22 14:58:25.271251,119.0,1.251,120.251,1.18549,1.18579,MM,OANDA DIVISION1,REAL,MT4,ZMQ,EURUSD
235,2020-11-22 14:58:25.261000,2020-11-22 14:58:25.380000,2020-11-22 14:58:25.381251,119.0,1.251,120.251,1.18549,1.18579,MM,OANDA DIVISION1,REAL,MT4,ZMQ,EURUSD
236,2020-11-22 14:58:25.370000,2020-11-22 14:58:25.489000,2020-11-22 14:58:25.490252,119.0,1.252,120.252,1.18549,1.18579,MM,OANDA DIVISION1,REAL,MT4,ZMQ,EURUSD
237,2020-11-22 14:58:25.482000,2020-11-22 14:58:25.601000,2020-11-22 14:58:25.602251,119.0,1.251,120.251,1.18549,1.18579,MM,OANDA DIVISION1,REAL,MT4,ZMQ,EURUSD
238,2020-11-22 14:58:25.589000,2020-11-22 14:58:25.708000,2020-11-22 14:58:25.709251,119.0,1.251,120.251,1.18549,1.18579,MM,OANDA DIVISION1,REAL,MT4,ZMQ,EURUSD
239,2020-11-22 14:58:25.699000,2020-11-22 14:58:25.818000,2020-11-22 14:58:25.819252,119.0,1.252,120.252,1.18549,1.18579,MM,OANDA DIVISION1,REAL,MT4,ZMQ,EURUSD
240,2020-11-22 14:58:25.808000,2020-11-22 14:58:25.927000,2020-11-22 14:58:25.928274,119.0,1.274,120.274,1.18549,1.18579,MM,OANDA DIVISION1,REAL,MT4,ZMQ,EURUSD
241,2020-11-22 14:58:25.917000,2020-11-22 14:58:26.036000,2020-11-22 14:58:26.037253,119.0,1.253,120.253,1.18549,1.18579,MM,OANDA DIVISION1,REAL,MT4,ZMQ,EURUSD
242,2020-11-22 14:58:26.027000,2020-11-22 14:58:26.146000,2020-11-22 14:58:26.147252,119.0,1.252,120.252,1.18549,1.18579,MM,OANDA DIVISION1,REAL,MT4,ZMQ,EURUSD
243,2020-11-22 14:58:26.134000,2020-11-22 14:58:26.253000,2020-11-22 14:58:26.254276,119.0,1.276,120.276,1.18549,1.18579,MM,OANDA DIVISION1,REAL,MT4,ZMQ,EURUSD
244,2020-11-22 14:58:26.243000,2020-11-22 14:58:26.362000,2020-11-22 14:58:26.363276,119.0,1.276,120.276,1.18549,1.18579,MM,OANDA DIVISION1,REAL,MT4,ZMQ,EURUSD
245,2020-11-22 14:58:26.356000,2020-11-22 14:58:26.475000,2020-11-22 14:58:26.476276,119.0,1.276,120.276,1.18549,1.18579,MM,OANDA DIVISION1,REAL,MT4,ZMQ,EURUSD
246,2020-11-22 14:58:26.466000,2020-11-22 14:58:26.585000,2020-11-22 14:58:26.586250,119.0,1.25,120.25,1.18549,1.18579,MM,OANDA DIVISION1,REAL,MT4,ZMQ,EURUSD
247,2020-11-22 14:58:26.583000,2020-11-22 14:58:26.702000,2020-11-22 14:58:26.703252,119.0,1.252,120.252,1.18549,1.18579,MM,OANDA DIVISION1,REAL,MT4,ZMQ,EURUSD
248,2020-11-22 14:58:26.683000,2020-11-22 14:58:26.802000,2020-11-22 14:58:26.804251,119.0,2.251,121.251,1.18549,1.18579,MM,OANDA DIVISION1,REAL,MT4,ZMQ,EURUSD
249,2020-11-22 14:58:26.793000,2020-11-22 14:58:26.912000,2020-11-22 14:58:26.914252,119.0,2.252,121.252,1.18549,1.18579,MM,OANDA DIVISION1,REAL,MT4,ZMQ,EURUSD
250,2020-11-22 14:58:26.904000,2020-11-22 14:58:27.023000,2020-11-22 14:58:27.024276,119.0,1.276,120.276,1.18549,1.18579,MM,OANDA DIVISION1,REAL,MT4,ZMQ,EURUSD
251,2020-11-22 14:58:27.012000,2020-11-22 14:58:27.131000,2020-11-22 14:58:27.132276,119.0,1.276,120.276,1.18549,1.18579,MM,OANDA DIVISION1,REAL,MT4,ZMQ,EURUSD
252,2020-11-22 14:58:27.121000,2020-11-22 14:58:27.240000,2020-11-22 14:58:27.248252,119.0,8.252,127.252,1.18549,1.18579,MM,OANDA DIVISION1,REAL,MT4,ZMQ,EURUSD
253,2020-11-22 14:58:27.231000,2020-11-22 14:58:27.350000,2020-11-22 14:58:27.351277,119.0,1.277,120.277,1.18549,1.18579,MM,OANDA DIVISION1,REAL,MT4,ZMQ,EURUSD
254,2020-11-22 14:58:27.339000,2020-11-22 14:58:27.458000,2020-11-22 14:58:27.459276,119.0,1.276,120.276,1.18549,1.18579,MM,OANDA DIVISION1,REAL,MT4,ZMQ,EURUSD
255,2020-11-22 14:58:27.447000,2020-11-22 14:58:27.566000,2020-11-22 14:58:27.568276,119.0,2.276,121.276,1.18549,1.18579,MM,OANDA DIVISION1,REAL,MT4,ZMQ,EURUSD
256,2020-11-22 14:58:27.556000,2020-11-22 14:58:27.675000,2020-11-22 14:58:27.677276,119.0,2.276,121.276,1.18549,1.18579,MM,OANDA DIVISION1,REAL,MT4,ZMQ,EURUSD
257,2020-11-22 14:58:27.668000,2020-11-22 14:58:27.787000,2020-11-22 14:58:27.788279,119.0,1.279,120.279,1.18549,1.18579,MM,OANDA DIVISION1,REAL,MT4,ZMQ,EURUSD
258,2020-11-22 14:58:27.775000,2020-11-22 14:58:27.894000,2020-11-22 14:58:27.895276,119.0,1.276,120.276,1.18549,1.18579,MM,OANDA DIVISION1,REAL,MT4,ZMQ,EURUSD
259,2020-11-22 14:58:27.888700,2020-11-22 14:58:28.007700,2020-11-22 14:58:28.008276,119.0,0.576,119.576,1.18549,1.18579,MM,OANDA DIVISION1,REAL,MT4,ZMQ,EURUSD
260,2020-11-22 14:58:27.995000,2020-11-22 14:58:28.114000,2020-11-22 14:58:28.115275,119.0,1.275,120.275,1.18549,1.18579,MM,OANDA DIVISION1,REAL,MT4,ZMQ,EURUSD
261,2020-11-22 14:58:28.105000,2020-11-22 14:58:28.224000,2020-11-22 14:58:28.225276,119.0,1.276,120.276,1.18549,1.18579,MM,OANDA DIVISION1,REAL,MT4,ZMQ,EURUSD
262,2020-11-22 14:58:28.213000,2020-11-22 14:58:28.332000,2020-11-22 14:58:28.333272,119.0,1.272,120.272,1.18549,1.18579,MM,OANDA DIVISION1,REAL,MT4,ZMQ,EURUSD
263,2020-11-22 14:58:28.332000,2020-11-22 14:58:28.451000,2020-11-22 14:58:28.452276,119.0,1.276,120.276,1.18549,1.18579,MM,OANDA DIVISION1,REAL,MT4,ZMQ,EURUSD
264,2020-11-22 14:58:28.433000,2020-11-22 14:58:28.552000,2020-11-22 14:58:28.553276,119.0,1.276,120.276,1.18549,1.18579,MM,OANDA DIVISION1,REAL,MT4,ZMQ,EURUSD
265,2020-11-22 14:58:28.544000,2020-11-22 14:58:28.663000,2020-11-22 14:58:28.664252,119.0,1.252,120.252,1.18549,1.18579,MM,OANDA DIVISION1,REAL,MT4,ZMQ,EURUSD
266,2020-11-22 14:58:28.651000,2020-11-22 14:58:28.770000,2020-11-22 14:58:28.771252,119.0,1.252,120.252,1.18549,1.18579,MM,OANDA DIVISION1,REAL,MT4,ZMQ,EURUSD
267,2020-11-22 14:58:28.763000,2020-11-22 14:58:28.882000,2020-11-22 14:58:28.883252,119.0,1.252,120.252,1.18549,1.18579,MM,OANDA DIVISION1,REAL,MT4,ZMQ,EURUSD
268,2020-11-22 14:58:28.872000,2020-11-22 14:58:28.991000,2020-11-22 14:58:28.992250,119.0,1.25,120.25,1.18549,1.18579,MM,OANDA DIVISION1,REAL,MT4,ZMQ,EURUSD
269,2020-11-22 14:58:28.982000,2020-11-22 14:58:29.101000,2020-11-22 14:58:29.102251,119.0,1.251,120.251,1.18549,1.18579,MM,OANDA DIVISION1,REAL,MT4,ZMQ,EURUSD
270,2020-11-22 14:58:29.088000,2020-11-22 14:58:29.207000,2020-11-22 14:58:29.208276,119.0,1.276,120.276,1.18549,1.18579,MM,OANDA DIVISION1,REAL,MT4,ZMQ,EURUSD
271,2020-11-22 14:58:29.197000,2020-11-22 14:58:29.316000,2020-11-22 14:58:29.317277,119.0,1.277,120.277,1.18549,1.18579,MM,OANDA DIVISION1,REAL,MT4,ZMQ,EURUSD
272,2020-11-22 14:58:29.308000,2020-11-22 14:58:29.427000,2020-11-22 14:58:29.428251,119.0,1.251,120.251,1.18549,1.18579,MM,OANDA DIVISION1,REAL,MT4,ZMQ,EURUSD
273,2020-11-22 14:58:29.419000,2020-11-22 14:58:29.538000,2020-11-22 14:58:29.539251,119.0,1.251,120.251,1.18549,1.18579,MM,OANDA DIVISION1,REAL,MT4,ZMQ,EURUSD
274,2020-11-22 14:58:29.529000,2020-11-22 14:58:29.648000,2020-11-22 14:58:29.649252,119.0,1.252,120.252,1.18549,1.18579,MM,OANDA DIVISION1,REAL,MT4,ZMQ,EURUSD
275,2020-11-22 14:58:29.637000,2020-11-22 14:58:29.756000,2020-11-22 14:58:29.757252,119.0,1.252,120.252,1.18549,1.18579,MM,OANDA DIVISION1,REAL,MT4,ZMQ,EURUSD
276,2020-11-22 14:58:29.743000,2020-11-22 14:58:29.862000,2020-11-22 14:58:29.863252,119.0,1.252,120.252,1.18549,1.18579,MM,OANDA DIVISION1,REAL,MT4,ZMQ,EURUSD
277,2020-11-22 14:58:29.857000,2020-11-22 14:58:29.976000,2020-11-22 14:58:29.977252,119.0,1.252,120.252,1.18549,1.18579,MM,OANDA DIVISION1,REAL,MT4,ZMQ,EURUSD
278,2020-11-22 14:58:29.963000,2020-11-22 14:58:30.082000,2020-11-22 14:58:30.084250,119.0,2.25,121.25,1.18549,1.18579,MM,OANDA DIVISION1,REAL,MT4,ZMQ,EURUSD
279,2020-11-22 14:58:30.081000,2020-11-22 14:58:30.200000,2020-11-22 14:58:30.202275,119.0,2.275,121.275,1.18549,1.18579,MM,OANDA DIVISION1,REAL,MT4,ZMQ,EURUSD
280,2020-11-22 14:58:30.184000,2020-11-22 14:58:30.303000,2020-11-22 14:58:30.304276,119.0,1.276,120.276,1.18549,1.18579,MM,OANDA DIVISION1,REAL,MT4,ZMQ,EURUSD
281,2020-11-22 14:58:30.293000,2020-11-22 14:58:30.412000,2020-11-22 14:58:30.413275,119.0,1.275,120.275,1.18549,1.18579,MM,OANDA DIVISION1,REAL,MT4,ZMQ,EURUSD
282,2020-11-22 14:58:30.404000,2020-11-22 14:58:30.523000,2020-11-22 14:58:30.524251,119.0,1.251,120.251,1.18549,1.18579,MM,OANDA DIVISION1,REAL,MT4,ZMQ,EURUSD
283,2020-11-22 14:58:30.509000,2020-11-22 14:58:30.628000,2020-11-22 14:58:30.629251,119.0,1.251,120.251,1.18549,1.18579,MM,OANDA DIVISION1,REAL,MT4,ZMQ,EURUSD
284,2020-11-22 14:58:30.618000,2020-11-22 14:58:30.737000,2020-11-22 14:58:30.739251,119.0,2.251,121.251,1.18549,1.18579,MM,OANDA DIVISION1,REAL,MT4,ZMQ,EURUSD
285,2020-11-22 14:58:30.728000,2020-11-22 14:58:30.847000,2020-11-22 14:58:30.848251,119.0,1.251,120.251,1.18549,1.18579,MM,OANDA DIVISION1,REAL,MT4,ZMQ,EURUSD
286,2020-11-22 14:58:30.842000,2020-11-22 14:58:30.961000,2020-11-22 14:58:30.963251,119.0,2.251,121.251,1.18549,1.18579,MM,OANDA DIVISION1,REAL,MT4,ZMQ,EURUSD
287,2020-11-22 14:58:30.951000,2020-11-22 14:58:31.070000,2020-11-22 14:58:31.071251,119.0,1.251,120.251,1.18549,1.18579,MM,OANDA DIVISION1,REAL,MT4,ZMQ,EURUSD
288,2020-11-22 14:58:31.056000,2020-11-22 14:58:31.175000,2020-11-22 14:58:31.176251,119.0,1.251,120.251,1.18549,1.18579,MM,OANDA DIVISION1,REAL,MT4,ZMQ,EURUSD
289,2020-11-22 14:58:31.166000,2020-11-22 14:58:31.285000,2020-11-22 14:58:31.286277,119.0,1.277,120.277,1.18549,1.18579,MM,OANDA DIVISION1,REAL,MT4,ZMQ,EURUSD
290,2020-11-22 14:58:31.279000,2020-11-22 14:58:31.398000,2020-11-22 14:58:31.399275,119.0,1.275,120.275,1.18549,1.18579,MM,OANDA DIVISION1,REAL,MT4,ZMQ,EURUSD
291,2020-11-22 14:58:31.387000,2020-11-22 14:58:31.506000,2020-11-22 14:58:31.507279,119.0,1.279,120.279,1.18549,1.18579,MM,OANDA DIVISION1,REAL,MT4,ZMQ,EURUSD
292,2020-11-22 14:58:31.493000,2020-11-22 14:58:31.612000,2020-11-22 14:58:31.613276,119.0,1.276,120.276,1.18549,1.18579,MM,OANDA DIVISION1,REAL,MT4,ZMQ,EURUSD
293,2020-11-22 14:58:31.603000,2020-11-22 14:58:31.722000,2020-11-22 14:58:31.723252,119.0,1.252,120.252,1.18549,1.18579,MM,OANDA DIVISION1,REAL,MT4,ZMQ,EURUSD
294,2020-11-22 14:58:31.712000,2020-11-22 14:58:31.831000,2020-11-22 14:58:31.832278,119.0,1.278,120.278,1.18549,1.18579,MM,OANDA DIVISION1,REAL,MT4,ZMQ,EURUSD
295,2020-11-22 14:58:31.832000,2020-11-22 14:58:31.951000,2020-11-22 14:58:31.952276,119.0,1.276,120.276,1.18549,1.18579,MM,OANDA DIVISION1,REAL,MT4,ZMQ,EURUSD
296,2020-11-22 14:58:31.931000,2020-11-22 14:58:32.050000,2020-11-22 14:58:32.051249,119.0,1.249,120.249,1.18549,1.18579,MM,OANDA DIVISION1,REAL,MT4,ZMQ,EURUSD
297,2020-11-22 14:58:32.040000,2020-11-22 14:58:32.159000,2020-11-22 14:58:32.160251,119.0,1.251,120.251,1.18549,1.18579,MM,OANDA DIVISION1,REAL,MT4,ZMQ,EURUSD
298,2020-11-22 14:58:32.152000,2020-11-22 14:58:32.271000,2020-11-22 14:58:32.272278,119.0,1.278,120.278,1.18549,1.18579,MM,OANDA DIVISION1,REAL,MT4,ZMQ,EURUSD
299,2020-11-22 14:58:32.259000,2020-11-22 14:58:32.378000,2020-11-22 14:58:32.379253,119.0,1.253,120.253,1.18549,1.18579,MM,OANDA DIVISION1,REAL,MT4,ZMQ,EURUSD
300,2020-11-22 14:58:32.370000,2020-11-22 14:58:32.489000,2020-11-22 14:58:32.491757,119.0,2.757,121.757,1.18549,1.18579,MM,OANDA DIVISION1,REAL,MT4,ZMQ,EURUSD
301,2020-11-22 14:58:32.479000,2020-11-22 14:58:32.598000,2020-11-22 14:58:32.599757,119.0,1.757,120.757,1.18549,1.18579,MM,OANDA DIVISION1,REAL,MT4,ZMQ,EURUSD
302,2020-11-22 14:58:32.590000,2020-11-22 14:58:32.709000,2020-11-22 14:58:32.710758,119.0,1.758,120.758,1.18549,1.18579,MM,OANDA DIVISION1,REAL,MT4,ZMQ,EURUSD
303,2020-11-22 14:58:32.699000,2020-11-22 14:58:32.818000,2020-11-22 14:58:32.819757,119.0,1.757,120.757,1.18549,1.18579,MM,OANDA DIVISION1,REAL,MT4,ZMQ,EURUSD
304,2020-11-22 14:58:32.806000,2020-11-22 14:58:32.925000,2020-11-22 14:58:32.926782,119.0,1.782,120.782,1.18549,1.18579,MM,OANDA DIVISION1,REAL,MT4,ZMQ,EURUSD
305,2020-11-22 14:58:32.917000,2020-11-22 14:58:33.036000,2020-11-22 14:58:33.037757,119.0,1.757,120.757,1.18549,1.18579,MM,OANDA DIVISION1,REAL,MT4,ZMQ,EURUSD
306,2020-11-22 14:58:33.026000,2020-11-22 14:58:33.145000,2020-11-22 14:58:33.146757,119.0,1.757,120.757,1.18549,1.18579,MM,OANDA DIVISION1,REAL,MT4,ZMQ,EURUSD
307,2020-11-22 14:58:33.137000,2020-11-22 14:58:33.256000,2020-11-22 14:58:33.257781,119.0,1.781,120.781,1.18549,1.18579,MM,OANDA DIVISION1,REAL,MT4,ZMQ,EURUSD
308,2020-11-22 14:58:33.243000,2020-11-22 14:58:33.362000,2020-11-22 14:58:33.363757,119.0,1.757,120.757,1.18549,1.18579,MM,OANDA DIVISION1,REAL,MT4,ZMQ,EURUSD
309,2020-11-22 14:58:33.354000,2020-11-22 14:58:33.473000,2020-11-22 14:58:33.474758,119.0,1.758,120.758,1.18549,1.18579,MM,OANDA DIVISION1,REAL,MT4,ZMQ,EURUSD
310,2020-11-22 14:58:33.465000,2020-11-22 14:58:33.584000,2020-11-22 14:58:33.585757,119.0,1.757,120.757,1.18549,1.18579,MM,OANDA DIVISION1,REAL,MT4,ZMQ,EURUSD
311,2020-11-22 14:58:33.579000,2020-11-22 14:58:33.698000,2020-11-22 14:58:33.700757,119.0,2.757,121.757,1.18549,1.18579,MM,OANDA DIVISION1,REAL,MT4,ZMQ,EURUSD
312,2020-11-22 14:58:33.681000,2020-11-22 14:58:33.800000,2020-11-22 14:58:33.801757,119.0,1.757,120.757,1.18549,1.18579,MM,OANDA DIVISION1,REAL,MT4,ZMQ,EURUSD
313,2020-11-22 14:58:33.790000,2020-11-22 14:58:33.909000,2020-11-22 14:58:33.910757,119.0,1.757,120.757,1.18549,1.18579,MM,OANDA DIVISION1,REAL,MT4,ZMQ,EURUSD
314,2020-11-22 14:58:33.902000,2020-11-22 14:58:34.021000,2020-11-22 14:58:34.023755,119.0,2.755,121.755,1.18549,1.18579,MM,OANDA DIVISION1,REAL,MT4,ZMQ,EURUSD
315,2020-11-22 14:58:34.010000,2020-11-22 14:58:34.129000,2020-11-22 14:58:34.130755,119.0,1.755,120.755,1.18549,1.18579,MM,OANDA DIVISION1,REAL,MT4,ZMQ,EURUSD
316,2020-11-22 14:58:34.120000,2020-11-22 14:58:34.239000,2020-11-22 14:58:34.240757,119.0,1.757,120.757,1.18549,1.18579,MM,OANDA DIVISION1,REAL,MT4,ZMQ,EURUSD
317,2020-11-22 14:58:34.232000,2020-11-22 14:58:34.351000,2020-11-22 14:58:34.352757,119.0,1.757,120.757,1.18549,1.18579,MM,OANDA DIVISION1,REAL,MT4,ZMQ,EURUSD
318,2020-11-22 14:58:34.339000,2020-11-22 14:58:34.458000,2020-11-22 14:58:34.459758,119.0,1.758,120.758,1.18549,1.18579,MM,OANDA DIVISION1,REAL,MT4,ZMQ,EURUSD
319,2020-11-22 14:58:34.450000,2020-11-22 14:58:34.569000,2020-11-22 14:58:34.570757,119.0,1.757,120.757,1.18549,1.18579,MM,OANDA DIVISION1,REAL,MT4,ZMQ,EURUSD
320,2020-11-22 14:58:34.557000,2020-11-22 14:58:34.676000,2020-11-22 14:58:34.678757,119.0,2.757,121.757,1.18549,1.18579,MM,OANDA DIVISION1,REAL,MT4,ZMQ,EURUSD
321,2020-11-22 14:58:34.665000,2020-11-22 14:58:34.784000,2020-11-22 14:58:34.785757,119.0,1.757,120.757,1.18549,1.18579,MM,OANDA DIVISION1,REAL,MT4,ZMQ,EURUSD
322,2020-11-22 14:58:34.777000,2020-11-22 14:58:34.896000,2020-11-22 14:58:34.898781,119.0,2.781,121.781,1.18549,1.18579,MM,OANDA DIVISION1,REAL,MT4,ZMQ,EURUSD
323,2020-11-22 14:58:34.884300,2020-11-22 14:58:35.003300,2020-11-22 14:58:35.004783,119.0,1.483,120.483,1.18549,1.18579,MM,OANDA DIVISION1,REAL,MT4,ZMQ,EURUSD
324,2020-11-22 14:58:34.994000,2020-11-22 14:58:35.113000,2020-11-22 14:58:35.114756,119.0,1.756,120.756,1.18549,1.18579,MM,OANDA DIVISION1,REAL,MT4,ZMQ,EURUSD
325,2020-11-22 14:58:35.102000,2020-11-22 14:58:35.221000,2020-11-22 14:58:35.222781,119.0,1.781,120.781,1.18549,1.18579,MM,OANDA DIVISION1,REAL,MT4,ZMQ,EURUSD
326,2020-11-22 14:58:35.212000,2020-11-22 14:58:35.331000,2020-11-22 14:58:35.332757,119.0,1.757,120.757,1.18549,1.18579,MM,OANDA DIVISION1,REAL,MT4,ZMQ,EURUSD
327,2020-11-22 14:58:35.331000,2020-11-22 14:58:35.450000,2020-11-22 14:58:35.452782,119.0,2.782,121.782,1.18549,1.18579,MM,OANDA DIVISION1,REAL,MT4,ZMQ,EURUSD
328,2020-11-22 14:58:35.434000,2020-11-22 14:58:35.553000,2020-11-22 14:58:35.554782,119.0,1.782,120.782,1.18549,1.18579,MM,OANDA DIVISION1,REAL,MT4,ZMQ,EURUSD
329,2020-11-22 14:58:35.545000,2020-11-22 14:58:35.664000,2020-11-22 14:58:35.665781,119.0,1.781,120.781,1.18549,1.18579,MM,OANDA DIVISION1,REAL,MT4,ZMQ,EURUSD
330,2020-11-22 14:58:35.653000,2020-11-22 14:58:35.772000,2020-11-22 14:58:35.773757,119.0,1.757,120.757,1.18549,1.18579,MM,OANDA DIVISION1,REAL,MT4,ZMQ,EURUSD
331,2020-11-22 14:58:35.761000,2020-11-22 14:58:35.880000,2020-11-22 14:58:35.881756,119.0,1.756,120.756,1.18549,1.18579,MM,OANDA DIVISION1,REAL,MT4,ZMQ,EURUSD
332,2020-11-22 14:58:35.868000,2020-11-22 14:58:35.987000,2020-11-22 14:58:35.988780,119.0,1.78,120.78,1.18549,1.18579,MM,OANDA DIVISION1,REAL,MT4,ZMQ,EURUSD
333,2020-11-22 14:58:35.979000,2020-11-22 14:58:36.098000,2020-11-22 14:58:36.099757,119.0,1.757,120.757,1.18549,1.18579,MM,OANDA DIVISION1,REAL,MT4,ZMQ,EURUSD
334,2020-11-22 14:58:36.088000,2020-11-22 14:58:36.207000,2020-11-22 14:58:36.208781,119.0,1.781,120.781,1.18549,1.18579,MM,OANDA DIVISION1,REAL,MT4,ZMQ,EURUSD
335,2020-11-22 14:58:36.196000,2020-11-22 14:58:36.315000,2020-11-22 14:58:36.316758,119.0,1.758,120.758,1.18549,1.18579,MM,OANDA DIVISION1,REAL,MT4,ZMQ,EURUSD
336,2020-11-22 14:58:36.308000,2020-11-22 14:58:36.427000,2020-11-22 14:58:36.428784,119.0,1.784,120.784,1.18549,1.18579,MM,OANDA DIVISION1,REAL,MT4,ZMQ,EURUSD
337,2020-11-22 14:58:36.418000,2020-11-22 14:58:36.537000,2020-11-22 14:58:36.538781,119.0,1.781,120.781,1.18549,1.18579,MM,OANDA DIVISION1,REAL,MT4,ZMQ,EURUSD
338,2020-11-22 14:58:36.524000,2020-11-22 14:58:36.643000,2020-11-22 14:58:36.644787,119.0,1.787,120.787,1.18549,1.18579,MM,OANDA DIVISION1,REAL,MT4,ZMQ,EURUSD
339,2020-11-22 14:58:36.639000,2020-11-22 14:58:36.758000,2020-11-22 14:58:36.759756,119.0,1.756,120.756,1.18549,1.18579,MM,OANDA DIVISION1,REAL,MT4,ZMQ,EURUSD
340,2020-11-22 14:58:36.743000,2020-11-22 14:58:36.862000,2020-11-22 14:58:36.863782,119.0,1.782,120.782,1.18549,1.18579,MM,OANDA DIVISION1,REAL,MT4,ZMQ,EURUSD
341,2020-11-22 14:58:36.855000,2020-11-22 14:58:36.974000,2020-11-22 14:58:36.975782,119.0,1.782,120.782,1.18549,1.18579,MM,OANDA DIVISION1,REAL,MT4,ZMQ,EURUSD
342,2020-11-22 14:58:36.962000,2020-11-22 14:58:37.081000,2020-11-22 14:58:37.082759,119.0,1.759,120.759,1.18549,1.18579,MM,OANDA DIVISION1,REAL,MT4,ZMQ,EURUSD
343,2020-11-22 14:58:37.083000,2020-11-22 14:58:37.202000,2020-11-22 14:58:37.203757,119.0,1.757,120.757,1.18549,1.18579,MM,OANDA DIVISION1,REAL,MT4,ZMQ,EURUSD
344,2020-11-22 14:58:37.182000,2020-11-22 14:58:37.301000,2020-11-22 14:58:37.302756,119.0,1.756,120.756,1.18549,1.18579,MM,OANDA DIVISION1,REAL,MT4,ZMQ,EURUSD
345,2020-11-22 14:58:37.291000,2020-11-22 14:58:37.410000,2020-11-22 14:58:37.411782,119.0,1.782,120.782,1.18549,1.18579,MM,OANDA DIVISION1,REAL,MT4,ZMQ,EURUSD
346,2020-11-22 14:58:37.403000,2020-11-22 14:58:37.522000,2020-11-22 14:58:37.523756,119.0,1.756,120.756,1.18549,1.18579,MM,OANDA DIVISION1,REAL,MT4,ZMQ,EURUSD
347,2020-11-22 14:58:37.513000,2020-11-22 14:58:37.632000,2020-11-22 14:58:37.633758,119.0,1.758,120.758,1.18549,1.18579,MM,OANDA DIVISION1,REAL,MT4,ZMQ,EURUSD
348,2020-11-22 14:58:37.622000,2020-11-22 14:58:37.741000,2020-11-22 14:58:37.742786,119.0,1.786,120.786,1.18549,1.18579,MM,OANDA DIVISION1,REAL,MT4,ZMQ,EURUSD
349,2020-11-22 14:58:37.730000,2020-11-22 14:58:37.849000,2020-11-22 14:58:37.850757,119.0,1.757,120.757,1.18549,1.18579,MM,OANDA DIVISION1,REAL,MT4,ZMQ,EURUSD
350,2020-11-22 14:58:37.838000,2020-11-22 14:58:37.957000,2020-11-22 14:58:37.958780,119.0,1.78,120.78,1.18549,1.18579,MM,OANDA DIVISION1,REAL,MT4,ZMQ,EURUSD
351,2020-11-22 14:58:37.948000,2020-11-22 14:58:38.067000,2020-11-22 14:58:38.068757,119.0,1.757,120.757,1.18549,1.18579,MM,OANDA DIVISION1,REAL,MT4,ZMQ,EURUSD
352,2020-11-22 14:58:38.055000,2020-11-22 14:58:38.174000,2020-11-22 14:58:38.175756,119.0,1.756,120.756,1.18549,1.18579,MM,OANDA DIVISION1,REAL,MT4,ZMQ,EURUSD
353,2020-11-22 14:58:38.169000,2020-11-22 14:58:38.288000,2020-11-22 14:58:38.289781,119.0,1.781,120.781,1.18549,1.18579,MM,OANDA DIVISION1,REAL,MT4,ZMQ,EURUSD
354,2020-11-22 14:58:38.277000,2020-11-22 14:58:38.396000,2020-11-22 14:58:38.397756,119.0,1.756,120.756,1.18549,1.18579,MM,OANDA DIVISION1,REAL,MT4,ZMQ,EURUSD
355,2020-11-22 14:58:38.387000,2020-11-22 14:58:38.506000,2020-11-22 14:58:38.507782,119.0,1.782,120.782,1.18549,1.18579,MM,OANDA DIVISION1,REAL,MT4,ZMQ,EURUSD
356,2020-11-22 14:58:38.494000,2020-11-22 14:58:38.613000,2020-11-22 14:58:38.614757,119.0,1.757,120.757,1.18549,1.18579,MM,OANDA DIVISION1,REAL,MT4,ZMQ,EURUSD
357,2020-11-22 14:58:38.603000,2020-11-22 14:58:38.722000,2020-11-22 14:58:38.724758,119.0,2.758,121.758,1.18549,1.18579,MM,OANDA DIVISION1,REAL,MT4,ZMQ,EURUSD
358,2020-11-22 14:58:38.714000,2020-11-22 14:58:38.833000,2020-11-22 14:58:38.834758,119.0,1.758,120.758,1.18549,1.18579,MM,OANDA DIVISION1,REAL,MT4,ZMQ,EURUSD
359,2020-11-22 14:58:38.830000,2020-11-22 14:58:38.949000,2020-11-22 14:58:38.950758,119.0,1.758,120.758,1.18549,1.18579,MM,OANDA DIVISION1,REAL,MT4,ZMQ,EURUSD
360,2020-11-22 14:58:38.933000,2020-11-22 14:58:39.052000,2020-11-22 14:58:39.053757,119.0,1.757,120.757,1.18549,1.18579,MM,OANDA DIVISION1,REAL,MT4,ZMQ,EURUSD
361,2020-11-22 14:58:39.040000,2020-11-22 14:58:39.159000,2020-11-22 14:58:39.160757,119.0,1.757,120.757,1.18549,1.18579,MM,OANDA DIVISION1,REAL,MT4,ZMQ,EURUSD
362,2020-11-22 14:58:39.153000,2020-11-22 14:58:39.272000,2020-11-22 14:58:39.273757,119.0,1.757,120.757,1.18549,1.18579,MM,OANDA DIVISION1,REAL,MT4,ZMQ,EURUSD
363,2020-11-22 14:58:39.260000,2020-11-22 14:58:39.379000,2020-11-22 14:58:39.380757,119.0,1.757,120.757,1.18549,1.18579,MM,OANDA DIVISION1,REAL,MT4,ZMQ,EURUSD
364,2020-11-22 14:58:39.372000,2020-11-22 14:58:39.491000,2020-11-22 14:58:39.492757,119.0,1.757,120.757,1.18549,1.18579,MM,OANDA DIVISION1,REAL,MT4,ZMQ,EURUSD
365,2020-11-22 14:58:39.477000,2020-11-22 14:58:39.596000,2020-11-22 14:58:39.597781,119.0,1.781,120.781,1.18549,1.18579,MM,OANDA DIVISION1,REAL,MT4,ZMQ,EURUSD
366,2020-11-22 14:58:39.588000,2020-11-22 14:58:39.707000,2020-11-22 14:58:39.708757,119.0,1.757,120.757,1.18549,1.18579,MM,OANDA DIVISION1,REAL,MT4,ZMQ,EURUSD
367,2020-11-22 14:58:39.697000,2020-11-22 14:58:39.816000,2020-11-22 14:58:39.817781,119.0,1.781,120.781,1.18549,1.18579,MM,OANDA DIVISION1,REAL,MT4,ZMQ,EURUSD
368,2020-11-22 14:58:39.805000,2020-11-22 14:58:39.924000,2020-11-22 14:58:39.925757,119.0,1.757,120.757,1.18549,1.18579,MM,OANDA DIVISION1,REAL,MT4,ZMQ,EURUSD
369,2020-11-22 14:58:39.915000,2020-11-22 14:58:40.034000,2020-11-22 14:58:40.035757,119.0,1.757,120.757,1.18549,1.18579,MM,OANDA DIVISION1,REAL,MT4,ZMQ,EURUSD
370,2020-11-22 14:58:40.028000,2020-11-22 14:58:40.147000,2020-11-22 14:58:40.148757,119.0,1.757,120.757,1.18549,1.18579,MM,OANDA DIVISION1,REAL,MT4,ZMQ,EURUSD
371,2020-11-22 14:58:40.137000,2020-11-22 14:58:40.256000,2020-11-22 14:58:40.257757,119.0,1.757,120.757,1.18549,1.18579,MM,OANDA DIVISION1,REAL,MT4,ZMQ,EURUSD
372,2020-11-22 14:58:40.247000,2020-11-22 14:58:40.366000,2020-11-22 14:58:40.367756,119.0,1.756,120.756,1.18549,1.18579,MM,OANDA DIVISION1,REAL,MT4,ZMQ,EURUSD
373,2020-11-22 14:58:40.354000,2020-11-22 14:58:40.473000,2020-11-22 14:58:40.474782,119.0,1.782,120.782,1.18549,1.18579,MM,OANDA DIVISION1,REAL,MT4,ZMQ,EURUSD
374,2020-11-22 14:58:40.462000,2020-11-22 14:58:40.581000,2020-11-22 14:58:40.582782,119.0,1.782,120.782,1.18549,1.18579,MM,OANDA DIVISION1,REAL,MT4,ZMQ,EURUSD
375,2020-11-22 14:58:40.581000,2020-11-22 14:58:40.700000,2020-11-22 14:58:40.701756,119.0,1.756,120.756,1.18549,1.18579,MM,OANDA DIVISION1,REAL,MT4,ZMQ,EURUSD
376,2020-11-22 14:58:40.681000,2020-11-22 14:58:40.800000,2020-11-22 14:58:40.801757,119.0,1.757,120.757,1.18549,1.18579,MM,OANDA DIVISION1,REAL,MT4,ZMQ,EURUSD
377,2020-11-22 14:58:40.791000,2020-11-22 14:58:40.910000,2020-11-22 14:58:40.911784,119.0,1.784,120.784,1.18549,1.18579,MM,OANDA DIVISION1,REAL,MT4,ZMQ,EURUSD
378,2020-11-22 14:58:40.902000,2020-11-22 14:58:41.021000,2020-11-22 14:58:41.022782,119.0,1.782,120.782,1.18549,1.18579,MM,OANDA DIVISION1,REAL,MT4,ZMQ,EURUSD
379,2020-11-22 14:58:41.009000,2020-11-22 14:58:41.128000,2020-11-22 14:58:41.129781,119.0,1.781,120.781,1.18549,1.18579,MM,OANDA DIVISION1,REAL,MT4,ZMQ,EURUSD
380,2020-11-22 14:58:41.119000,2020-11-22 14:58:41.238000,2020-11-22 14:58:41.239781,119.0,1.781,120.781,1.18549,1.18579,MM,OANDA DIVISION1,REAL,MT4,ZMQ,EURUSD
381,2020-11-22 14:58:41.229000,2020-11-22 14:58:41.348000,2020-11-22 14:58:41.349783,119.0,1.783,120.783,1.18549,1.18579,MM,OANDA DIVISION1,REAL,MT4,ZMQ,EURUSD
382,2020-11-22 14:58:41.339000,2020-11-22 14:58:41.458000,2020-11-22 14:58:41.459782,119.0,1.782,120.782,1.18549,1.18579,MM,OANDA DIVISION1,REAL,MT4,ZMQ,EURUSD
383,2020-11-22 14:58:41.446000,2020-11-22 14:58:41.565000,2020-11-22 14:58:41.567758,119.0,2.758,121.758,1.18549,1.18579,MM,OANDA DIVISION1,REAL,MT4,ZMQ,EURUSD
384,2020-11-22 14:58:41.558000,2020-11-22 14:58:41.677000,2020-11-22 14:58:41.678757,119.0,1.757,120.757,1.18549,1.18579,MM,OANDA DIVISION1,REAL,MT4,ZMQ,EURUSD
385,2020-11-22 14:58:41.669000,2020-11-22 14:58:41.788000,2020-11-22 14:58:41.789758,119.0,1.758,120.758,1.18549,1.18579,MM,OANDA DIVISION1,REAL,MT4,ZMQ,EURUSD
386,2020-11-22 14:58:41.778000,2020-11-22 14:58:41.897000,2020-11-22 14:58:41.898757,119.0,1.757,120.757,1.18549,1.18579,MM,OANDA DIVISION1,REAL,MT4,ZMQ,EURUSD
387,2020-11-22 14:58:41.888700,2020-11-22 14:58:42.007700,2020-11-22 14:58:42.008757,119.0,1.057,120.057,1.18549,1.18579,MM,OANDA DIVISION1,REAL,MT4,ZMQ,EURUSD
388,2020-11-22 14:58:41.996000,2020-11-22 14:58:42.115000,2020-11-22 14:58:42.116757,119.0,1.757,120.757,1.18549,1.18579,MM,OANDA DIVISION1,REAL,MT4,ZMQ,EURUSD
389,2020-11-22 14:58:42.104000,2020-11-22 14:58:42.223000,2020-11-22 14:58:42.224756,119.0,1.756,120.756,1.18549,1.18579,MM,OANDA DIVISION1,REAL,MT4,ZMQ,EURUSD
390,2020-11-22 14:58:42.212000,2020-11-22 14:58:42.331000,2020-11-22 14:58:42.332757,119.0,1.757,120.757,1.18549,1.18579,MM,OANDA DIVISION1,REAL,MT4,ZMQ,EURUSD
391,2020-11-22 14:58:42.332000,2020-11-22 14:58:42.451000,2020-11-22 14:58:42.452757,119.0,1.757,120.757,1.18549,1.18579,MM,OANDA DIVISION1,REAL,MT4,ZMQ,EURUSD
392,2020-11-22 14:58:42.430000,2020-11-22 14:58:42.549000,2020-11-22 14:58:42.551782,119.0,2.782,121.782,1.18549,1.18579,MM,OANDA DIVISION1,REAL,MT4,ZMQ,EURUSD
393,2020-11-22 14:58:42.541000,2020-11-22 14:58:42.660000,2020-11-22 14:58:42.661782,119.0,1.782,120.782,1.18549,1.18579,MM,OANDA DIVISION1,REAL,MT4,ZMQ,EURUSD
394,2020-11-22 14:58:42.653000,2020-11-22 14:58:42.772000,2020-11-22 14:58:42.773782,119.0,1.782,120.782,1.18549,1.18579,MM,OANDA DIVISION1,REAL,MT4,ZMQ,EURUSD
395,2020-11-22 14:58:42.760000,2020-11-22 14:58:42.879000,2020-11-22 14:58:42.880781,119.0,1.781,120.781,1.18549,1.18579,MM,OANDA DIVISION1,REAL,MT4,ZMQ,EURUSD
396,2020-11-22 14:58:42.870000,2020-11-22 14:58:42.989000,2020-11-22 14:58:42.990781,119.0,1.781,120.781,1.18549,1.18579,MM,OANDA DIVISION1,REAL,MT4,ZMQ,EURUSD
397,2020-11-22 14:58:42.978000,2020-11-22 14:58:43.097000,2020-11-22 14:58:43.098783,119.0,1.783,120.783,1.18549,1.18579,MM,OANDA DIVISION1,REAL,MT4,ZMQ,EURUSD
398,2020-11-22 14:58:43.089000,2020-11-22 14:58:43.208000,2020-11-22 14:58:43.209784,119.0,1.784,120.784,1.18549,1.18579,MM,OANDA DIVISION1,REAL,MT4,ZMQ,EURUSD
399,2020-11-22 14:58:43.198000,2020-11-22 14:58:43.317000,2020-11-22 14:58:43.318757,119.0,1.757,120.757,1.18549,1.18579,MM,OANDA DIVISION1,REAL,MT4,ZMQ,EURUSD
400,2020-11-22 14:58:43.306000,2020-11-22 14:58:43.425000,2020-11-22 14:58:43.426757,119.0,1.757,120.757,1.18549,1.18579,MM,OANDA DIVISION1,REAL,MT4,ZMQ,EURUSD
401,2020-11-22 14:58:43.418000,2020-11-22 14:58:43.537000,2020-11-22 14:58:43.538759,119.0,1.759,120.759,1.18549,1.18579,MM,OANDA DIVISION1,REAL,MT4,ZMQ,EURUSD
402,2020-11-22 14:58:43.525000,2020-11-22 14:58:43.644000,2020-11-22 14:58:43.645756,119.0,1.756,120.756,1.18549,1.18579,MM,OANDA DIVISION1,REAL,MT4,ZMQ,EURUSD
403,2020-11-22 14:58:43.637000,2020-11-22 14:58:43.756000,2020-11-22 14:58:43.757781,119.0,1.781,120.781,1.18549,1.18579,MM,OANDA DIVISION1,REAL,MT4,ZMQ,EURUSD
404,2020-11-22 14:58:43.744000,2020-11-22 14:58:43.863000,2020-11-22 14:58:43.864781,119.0,1.781,120.781,1.18549,1.18579,MM,OANDA DIVISION1,REAL,MT4,ZMQ,EURUSD
405,2020-11-22 14:58:43.855000,2020-11-22 14:58:43.974000,2020-11-22 14:58:43.975757,119.0,1.757,120.757,1.18549,1.18579,MM,OANDA DIVISION1,REAL,MT4,ZMQ,EURUSD
406,2020-11-22 14:58:43.962000,2020-11-22 14:58:44.081000,2020-11-22 14:58:44.082757,119.0,1.757,120.757,1.18549,1.18579,MM,OANDA DIVISION1,REAL,MT4,ZMQ,EURUSD
407,2020-11-22 14:58:44.083000,2020-11-22 14:58:44.202000,2020-11-22 14:58:44.204783,119.0,2.783,121.783,1.18549,1.18579,MM,OANDA DIVISION1,REAL,MT4,ZMQ,EURUSD
408,2020-11-22 14:58:44.180000,2020-11-22 14:58:44.299000,2020-11-22 14:58:44.300781,119.0,1.781,120.781,1.18549,1.18579,MM,OANDA DIVISION1,REAL,MT4,ZMQ,EURUSD
409,2020-11-22 14:58:44.294000,2020-11-22 14:58:44.413000,2020-11-22 14:58:44.414781,119.0,1.781,120.781,1.18549,1.18579,MM,OANDA DIVISION1,REAL,MT4,ZMQ,EURUSD
410,2020-11-22 14:58:44.400000,2020-11-22 14:58:44.519000,2020-11-22 14:58:44.520783,119.0,1.783,120.783,1.18549,1.18579,MM,OANDA DIVISION1,REAL,MT4,ZMQ,EURUSD
411,2020-11-22 14:58:44.512000,2020-11-22 14:58:44.631000,2020-11-22 14:58:44.632782,119.0,1.782,120.782,1.18549,1.18579,MM,OANDA DIVISION1,REAL,MT4,ZMQ,EURUSD
412,2020-11-22 14:58:44.621000,2020-11-22 14:58:44.740000,2020-11-22 14:58:44.741782,119.0,1.782,120.782,1.18549,1.18579,MM,OANDA DIVISION1,REAL,MT4,ZMQ,EURUSD
413,2020-11-22 14:58:44.729000,2020-11-22 14:58:44.848000,2020-11-22 14:58:44.849756,119.0,1.756,120.756,1.18549,1.18579,MM,OANDA DIVISION1,REAL,MT4,ZMQ,EURUSD
414,2020-11-22 14:58:44.840000,2020-11-22 14:58:44.959000,2020-11-22 14:58:44.969757,119.0,10.757,129.757,1.18549,1.18579,MM,OANDA DIVISION1,REAL,MT4,ZMQ,EURUSD
415,2020-11-22 14:58:44.946000,2020-11-22 14:58:45.065000,2020-11-22 14:58:45.066781,119.0,1.781,120.781,1.18549,1.18579,MM,OANDA DIVISION1,REAL,MT4,ZMQ,EURUSD
416,2020-11-22 14:58:45.059000,2020-11-22 14:58:45.178000,2020-11-22 14:58:45.179782,119.0,1.782,120.782,1.18549,1.18579,MM,OANDA DIVISION1,REAL,MT4,ZMQ,EURUSD
417,2020-11-22 14:58:45.168000,2020-11-22 14:58:45.287000,2020-11-22 14:58:45.288782,119.0,1.782,120.782,1.18549,1.18579,MM,OANDA DIVISION1,REAL,MT4,ZMQ,EURUSD
418,2020-11-22 14:58:45.275000,2020-11-22 14:58:45.394000,2020-11-22 14:58:45.396783,119.0,2.783,121.783,1.18549,1.18579,MM,OANDA DIVISION1,REAL,MT4,ZMQ,EURUSD
419,2020-11-22 14:58:45.386000,2020-11-22 14:58:45.505000,2020-11-22 14:58:45.507759,119.0,2.759,121.759,1.18549,1.18579,MM,OANDA DIVISION1,REAL,MT4,ZMQ,EURUSD
420,2020-11-22 14:58:45.493000,2020-11-22 14:58:45.612000,2020-11-22 14:58:45.613783,119.0,1.783,120.783,1.18549,1.18579,MM,OANDA DIVISION1,REAL,MT4,ZMQ,EURUSD
421,2020-11-22 14:58:45.602000,2020-11-22 14:58:45.721000,2020-11-22 14:58:45.722783,119.0,1.783,120.783,1.18549,1.18579,MM,OANDA DIVISION1,REAL,MT4,ZMQ,EURUSD
422,2020-11-22 14:58:45.712000,2020-11-22 14:58:45.831000,2020-11-22 14:58:45.832784,119.0,1.784,120.784,1.18549,1.18579,MM,OANDA DIVISION1,REAL,MT4,ZMQ,EURUSD
423,2020-11-22 14:58:45.830000,2020-11-22 14:58:45.949000,2020-11-22 14:58:45.950757,119.0,1.757,120.757,1.18549,1.18579,MM,OANDA DIVISION1,REAL,MT4,ZMQ,EURUSD
424,2020-11-22 14:58:45.931000,2020-11-22 14:58:46.050000,2020-11-22 14:58:46.051758,119.0,1.758,120.758,1.18549,1.18579,MM,OANDA DIVISION1,REAL,MT4,ZMQ,EURUSD
425,2020-11-22 14:58:46.042000,2020-11-22 14:58:46.161000,2020-11-22 14:58:46.162782,119.0,1.782,120.782,1.18549,1.18579,MM,OANDA DIVISION1,REAL,MT4,ZMQ,EURUSD
426,2020-11-22 14:58:46.149000,2020-11-22 14:58:46.268000,2020-11-22 14:58:46.269784,119.0,1.784,120.784,1.18549,1.18579,MM,OANDA DIVISION1,REAL,MT4,ZMQ,EURUSD
427,2020-11-22 14:58:46.261000,2020-11-22 14:58:46.380000,2020-11-22 14:58:46.381782,119.0,1.782,120.782,1.18549,1.18579,MM,OANDA DIVISION1,REAL,MT4,ZMQ,EURUSD
428,2020-11-22 14:58:46.371000,2020-11-22 14:58:46.490000,2020-11-22 14:58:46.491756,119.0,1.756,120.756,1.18549,1.18579,MM,OANDA DIVISION1,REAL,MT4,ZMQ,EURUSD
429,2020-11-22 14:58:46.478000,2020-11-22 14:58:46.597000,2020-11-22 14:58:46.598756,119.0,1.756,120.756,1.18549,1.18579,MM,OANDA DIVISION1,REAL,MT4,ZMQ,EURUSD
430,2020-11-22 14:58:46.587000,2020-11-22 14:58:46.706000,2020-11-22 14:58:46.707757,119.0,1.757,120.757,1.18549,1.18579,MM,OANDA DIVISION1,REAL,MT4,ZMQ,EURUSD
431,2020-11-22 14:58:46.696000,2020-11-22 14:58:46.815000,2020-11-22 14:58:46.816782,119.0,1.782,120.782,1.18549,1.18579,MM,OANDA DIVISION1,REAL,MT4,ZMQ,EURUSD
432,2020-11-22 14:58:46.806000,2020-11-22 14:58:46.925000,2020-11-22 14:58:46.942757,119.0,17.757,136.757,1.18549,1.18579,MM,OANDA DIVISION1,REAL,MT4,ZMQ,EURUSD
433,2020-11-22 14:58:46.918000,2020-11-22 14:58:47.037000,2020-11-22 14:58:47.039757,119.0,2.757,121.757,1.18549,1.18579,MM,OANDA DIVISION1,REAL,MT4,ZMQ,EURUSD
434,2020-11-22 14:58:47.026000,2020-11-22 14:58:47.145000,2020-11-22 14:58:47.146784,119.0,1.784,120.784,1.18549,1.18579,MM,OANDA DIVISION1,REAL,MT4,ZMQ,EURUSD
435,2020-11-22 14:58:47.138000,2020-11-22 14:58:47.257000,2020-11-22 14:58:47.258781,119.0,1.781,120.781,1.18549,1.18579,MM,OANDA DIVISION1,REAL,MT4,ZMQ,EURUSD
436,2020-11-22 14:58:47.247000,2020-11-22 14:58:47.366000,2020-11-22 14:58:47.367760,119.0,1.76,120.76,1.18549,1.18579,MM,OANDA DIVISION1,REAL,MT4,ZMQ,EURUSD
437,2020-11-22 14:58:47.354000,2020-11-22 14:58:47.473000,2020-11-22 14:58:47.474756,119.0,1.756,120.756,1.18549,1.18579,MM,OANDA DIVISION1,REAL,MT4,ZMQ,EURUSD
438,2020-11-22 14:58:47.466000,2020-11-22 14:58:47.585000,2020-11-22 14:58:47.586756,119.0,1.756,120.756,1.18549,1.18579,MM,OANDA DIVISION1,REAL,MT4,ZMQ,EURUSD
439,2020-11-22 14:58:47.582000,2020-11-22 14:58:47.701000,2020-11-22 14:58:47.703783,119.0,2.783,121.783,1.18549,1.18579,MM,OANDA DIVISION1,REAL,MT4,ZMQ,EURUSD
440,2020-11-22 14:58:47.682000,2020-11-22 14:58:47.801000,2020-11-22 14:58:47.802781,119.0,1.781,120.781,1.18549,1.18579,MM,OANDA DIVISION1,REAL,MT4,ZMQ,EURUSD
441,2020-11-22 14:58:47.792000,2020-11-22 14:58:47.911000,2020-11-22 14:58:47.912783,119.0,1.783,120.783,1.18549,1.18579,MM,OANDA DIVISION1,REAL,MT4,ZMQ,EURUSD
442,2020-11-22 14:58:47.899000,2020-11-22 14:58:48.018000,2020-11-22 14:58:48.019781,119.0,1.781,120.781,1.18549,1.18579,MM,OANDA DIVISION1,REAL,MT4,ZMQ,EURUSD
443,2020-11-22 14:58:48.011000,2020-11-22 14:58:48.130000,2020-11-22 14:58:48.131782,119.0,1.782,120.782,1.18549,1.18579,MM,OANDA DIVISION1,REAL,MT4,ZMQ,EURUSD
444,2020-11-22 14:58:48.122000,2020-11-22 14:58:48.241000,2020-11-22 14:58:48.242783,119.0,1.783,120.783,1.18549,1.18579,MM,OANDA DIVISION1,REAL,MT4,ZMQ,EURUSD
445,2020-11-22 14:58:48.231000,2020-11-22 14:58:48.350000,2020-11-22 14:58:48.351782,119.0,1.782,120.782,1.18549,1.18579,MM,OANDA DIVISION1,REAL,MT4,ZMQ,EURUSD
446,2020-11-22 14:58:48.339000,2020-11-22 14:58:48.458000,2020-11-22 14:58:48.459781,119.0,1.781,120.781,1.18549,1.18579,MM,OANDA DIVISION1,REAL,MT4,ZMQ,EURUSD
447,2020-11-22 14:58:48.448000,2020-11-22 14:58:48.567000,2020-11-22 14:58:48.568757,119.0,1.757,120.757,1.18549,1.18579,MM,OANDA DIVISION1,REAL,MT4,ZMQ,EURUSD
448,2020-11-22 14:58:48.556000,2020-11-22 14:58:48.675000,2020-11-22 14:58:48.677779,119.0,2.779,121.779,1.18549,1.18579,MM,OANDA DIVISION1,REAL,MT4,ZMQ,EURUSD
449,2020-11-22 14:58:48.665000,2020-11-22 14:58:48.784000,2020-11-22 14:58:48.785783,119.0,1.783,120.783,1.18549,1.18579,MM,OANDA DIVISION1,REAL,MT4,ZMQ,EURUSD
450,2020-11-22 14:58:48.775000,2020-11-22 14:58:48.894000,2020-11-22 14:58:48.895782,119.0,1.782,120.782,1.18549,1.18579,MM,OANDA DIVISION1,REAL,MT4,ZMQ,EURUSD
451,2020-11-22 14:58:48.886500,2020-11-22 14:58:49.005500,2020-11-22 14:58:49.006783,119.0,1.283,120.283,1.18549,1.18579,MM,OANDA DIVISION1,REAL,MT4,ZMQ,EURUSD
452,2020-11-22 14:58:48.993000,2020-11-22 14:58:49.112000,2020-11-22 14:58:49.113783,119.0,1.783,120.783,1.18549,1.18579,MM,OANDA DIVISION1,REAL,MT4,ZMQ,EURUSD
453,2020-11-22 14:58:49.104000,2020-11-22 14:58:49.223000,2020-11-22 14:58:49.224783,119.0,1.783,120.783,1.18549,1.18579,MM,OANDA DIVISION1,REAL,MT4,ZMQ,EURUSD
454,2020-11-22 14:58:49.216000,2020-11-22 14:58:49.335000,2020-11-22 14:58:49.336783,119.0,1.783,120.783,1.18549,1.18579,MM,OANDA DIVISION1,REAL,MT4,ZMQ,EURUSD
455,2020-11-22 14:58:49.331000,2020-11-22 14:58:49.450000,2020-11-22 14:58:49.452757,119.0,2.757,121.757,1.18549,1.18579,MM,OANDA DIVISION1,REAL,MT4,ZMQ,EURUSD
456,2020-11-22 14:58:49.431000,2020-11-22 14:58:49.550000,2020-11-22 14:58:49.551756,119.0,1.756,120.756,1.18549,1.18579,MM,OANDA DIVISION1,REAL,MT4,ZMQ,EURUSD
457,2020-11-22 14:58:49.541000,2020-11-22 14:58:49.660000,2020-11-22 14:58:49.662757,119.0,2.757,121.757,1.18549,1.18579,MM,OANDA DIVISION1,REAL,MT4,ZMQ,EURUSD
458,2020-11-22 14:58:49.651000,2020-11-22 14:58:49.770000,2020-11-22 14:58:49.771341,119.0,1.341,120.341,1.18549,1.18579,MM,OANDA DIVISION1,REAL,MT4,ZMQ,EURUSD
459,2020-11-22 14:58:49.761000,2020-11-22 14:58:49.880000,2020-11-22 14:58:49.881316,119.0,1.316,120.316,1.18549,1.18579,MM,OANDA DIVISION1,REAL,MT4,ZMQ,EURUSD
460,2020-11-22 14:58:49.872000,2020-11-22 14:58:49.991000,2020-11-22 14:58:49.992316,119.0,1.316,120.316,1.18549,1.18579,MM,OANDA DIVISION1,REAL,MT4,ZMQ,EURUSD
461,2020-11-22 14:58:49.978000,2020-11-22 14:58:50.097000,2020-11-22 14:58:50.098316,119.0,1.316,120.316,1.18549,1.18579,MM,OANDA DIVISION1,REAL,MT4,ZMQ,EURUSD
462,2020-11-22 14:58:50.089000,2020-11-22 14:58:50.208000,2020-11-22 14:58:50.209316,119.0,1.316,120.316,1.18549,1.18579,MM,OANDA DIVISION1,REAL,MT4,ZMQ,EURUSD
463,2020-11-22 14:58:50.197000,2020-11-22 14:58:50.316000,2020-11-22 14:58:50.317340,119.0,1.34,120.34,1.18549,1.18579,MM,OANDA DIVISION1,REAL,MT4,ZMQ,EURUSD
464,2020-11-22 14:58:50.308000,2020-11-22 14:58:50.427000,2020-11-22 14:58:50.428317,119.0,1.317,120.317,1.18549,1.18579,MM,OANDA DIVISION1,REAL,MT4,ZMQ,EURUSD
465,2020-11-22 14:58:50.419000,2020-11-22 14:58:50.538000,2020-11-22 14:58:50.539341,119.0,1.341,120.341,1.18549,1.18579,MM,OANDA DIVISION1,REAL,MT4,ZMQ,EURUSD
466,2020-11-22 14:58:50.529000,2020-11-22 14:58:50.648000,2020-11-22 14:58:50.649340,119.0,1.34,120.34,1.18549,1.18579,MM,OANDA DIVISION1,REAL,MT4,ZMQ,EURUSD
467,2020-11-22 14:58:50.634000,2020-11-22 14:58:50.753000,2020-11-22 14:58:50.754341,119.0,1.341,120.341,1.18549,1.18579,MM,OANDA DIVISION1,REAL,MT4,ZMQ,EURUSD
468,2020-11-22 14:58:50.747000,2020-11-22 14:58:50.866000,2020-11-22 14:58:50.867341,119.0,1.341,120.341,1.18549,1.18579,MM,OANDA DIVISION1,REAL,MT4,ZMQ,EURUSD
469,2020-11-22 14:58:50.857000,2020-11-22 14:58:50.976000,2020-11-22 14:58:50.977342,119.0,1.342,120.342,1.18549,1.18579,MM,OANDA DIVISION1,REAL,MT4,ZMQ,EURUSD
470,2020-11-22 14:58:50.963000,2020-11-22 14:58:51.082000,2020-11-22 14:58:51.083339,119.0,1.339,120.339,1.18549,1.18579,MM,OANDA DIVISION1,REAL,MT4,ZMQ,EURUSD
471,2020-11-22 14:58:51.084000,2020-11-22 14:58:51.203000,2020-11-22 14:58:51.205316,119.0,2.316,121.316,1.18549,1.18579,MM,OANDA DIVISION1,REAL,MT4,ZMQ,EURUSD
472,2020-11-22 14:58:51.181000,2020-11-22 14:58:51.300000,2020-11-22 14:58:51.301316,119.0,1.316,120.316,1.18549,1.18579,MM,OANDA DIVISION1,REAL,MT4,ZMQ,EURUSD
473,2020-11-22 14:58:51.292000,2020-11-22 14:58:51.411000,2020-11-22 14:58:51.412316,119.0,1.316,120.316,1.18549,1.18579,MM,OANDA DIVISION1,REAL,MT4,ZMQ,EURUSD
474,2020-11-22 14:58:51.404000,2020-11-22 14:58:51.523000,2020-11-22 14:58:51.524317,119.0,1.317,120.317,1.18549,1.18579,MM,OANDA DIVISION1,REAL,MT4,ZMQ,EURUSD
475,2020-11-22 14:58:51.509000,2020-11-22 14:58:51.628000,2020-11-22 14:58:51.629340,119.0,1.34,120.34,1.18549,1.18579,MM,OANDA DIVISION1,REAL,MT4,ZMQ,EURUSD
476,2020-11-22 14:58:51.621000,2020-11-22 14:58:51.740000,2020-11-22 14:58:51.741316,119.0,1.316,120.316,1.18549,1.18579,MM,OANDA DIVISION1,REAL,MT4,ZMQ,EURUSD
477,2020-11-22 14:58:51.728000,2020-11-22 14:58:51.847000,2020-11-22 14:58:51.848316,119.0,1.316,120.316,1.18549,1.18579,MM,OANDA DIVISION1,REAL,MT4,ZMQ,EURUSD
478,2020-11-22 14:58:51.837000,2020-11-22 14:58:51.956000,2020-11-22 14:58:51.957316,119.0,1.316,120.316,1.18549,1.18579,MM,OANDA DIVISION1,REAL,MT4,ZMQ,EURUSD
479,2020-11-22 14:58:51.951000,2020-11-22 14:58:52.070000,2020-11-22 14:58:52.071316,119.0,1.316,120.316,1.18549,1.18579,MM,OANDA DIVISION1,REAL,MT4,ZMQ,EURUSD
480,2020-11-22 14:58:52.056000,2020-11-22 14:58:52.175000,2020-11-22 14:58:52.176316,119.0,1.316,120.316,1.18549,1.18579,MM,OANDA DIVISION1,REAL,MT4,ZMQ,EURUSD
481,2020-11-22 14:58:52.166000,2020-11-22 14:58:52.285000,2020-11-22 14:58:52.286316,119.0,1.316,120.316,1.18549,1.18579,MM,OANDA DIVISION1,REAL,MT4,ZMQ,EURUSD
482,2020-11-22 14:58:52.275000,2020-11-22 14:58:52.394000,2020-11-22 14:58:52.395316,119.0,1.316,120.316,1.18549,1.18579,MM,OANDA DIVISION1,REAL,MT4,ZMQ,EURUSD
483,2020-11-22 14:58:52.385000,2020-11-22 14:58:52.504000,2020-11-22 14:58:52.505340,119.0,1.34,120.34,1.18549,1.18579,MM,OANDA DIVISION1,REAL,MT4,ZMQ,EURUSD
484,2020-11-22 14:58:52.497000,2020-11-22 14:58:52.616000,2020-11-22 14:58:52.617340,119.0,1.34,120.34,1.18549,1.18579,MM,OANDA DIVISION1,REAL,MT4,ZMQ,EURUSD
485,2020-11-22 14:58:52.606000,2020-11-22 14:58:52.725000,2020-11-22 14:58:52.726341,119.0,1.341,120.341,1.18549,1.18579,MM,OANDA DIVISION1,REAL,MT4,ZMQ,EURUSD
486,2020-11-22 14:58:52.714000,2020-11-22 14:58:52.833000,2020-11-22 14:58:52.834340,119.0,1.34,120.34,1.18549,1.18579,MM,OANDA DIVISION1,REAL,MT4,ZMQ,EURUSD
487,2020-11-22 14:58:52.829000,2020-11-22 14:58:52.948000,2020-11-22 14:58:52.950345,119.0,2.345,121.345,1.18549,1.18579,MM,OANDA DIVISION1,REAL,MT4,ZMQ,EURUSD
488,2020-11-22 14:58:52.933000,2020-11-22 14:58:53.052000,2020-11-22 14:58:53.053316,119.0,1.316,120.316,1.18549,1.18579,MM,OANDA DIVISION1,REAL,MT4,ZMQ,EURUSD
489,2020-11-22 14:58:53.045000,2020-11-22 14:58:53.164000,2020-11-22 14:58:53.165316,119.0,1.316,120.316,1.18549,1.18579,MM,OANDA DIVISION1,REAL,MT4,ZMQ,EURUSD
490,2020-11-22 14:58:53.152000,2020-11-22 14:58:53.271000,2020-11-22 14:58:53.272316,119.0,1.316,120.316,1.18549,1.18579,MM,OANDA DIVISION1,REAL,MT4,ZMQ,EURUSD
491,2020-11-22 14:58:53.262000,2020-11-22 14:58:53.381000,2020-11-22 14:58:53.382339,119.0,1.339,120.339,1.18549,1.18579,MM,OANDA DIVISION1,REAL,MT4,ZMQ,EURUSD
492,2020-11-22 14:58:53.371000,2020-11-22 14:58:53.490000,2020-11-22 14:58:53.491340,119.0,1.34,120.34,1.18549,1.18579,MM,OANDA DIVISION1,REAL,MT4,ZMQ,EURUSD
493,2020-11-22 14:58:53.478000,2020-11-22 14:58:53.597000,2020-11-22 14:58:53.598341,119.0,1.341,120.341,1.18549,1.18579,MM,OANDA DIVISION1,REAL,MT4,ZMQ,EURUSD
494,2020-11-22 14:58:53.591000,2020-11-22 14:58:53.710000,2020-11-22 14:58:53.711340,119.0,1.34,120.34,1.18549,1.18579,MM,OANDA DIVISION1,REAL,MT4,ZMQ,EURUSD
495,2020-11-22 14:58:53.698000,2020-11-22 14:58:53.817000,2020-11-22 14:58:53.818341,119.0,1.341,120.341,1.18549,1.18579,MM,OANDA DIVISION1,REAL,MT4,ZMQ,EURUSD
496,2020-11-22 14:58:53.810000,2020-11-22 14:58:53.929000,2020-11-22 14:58:53.930340,119.0,1.34,120.34,1.18549,1.18579,MM,OANDA DIVISION1,REAL,MT4,ZMQ,EURUSD
497,2020-11-22 14:58:53.919000,2020-11-22 14:58:54.038000,2020-11-22 14:58:54.039340,119.0,1.34,120.34,1.18549,1.18579,MM,OANDA DIVISION1,REAL,MT4,ZMQ,EURUSD
498,2020-11-22 14:58:54.029000,2020-11-22 14:58:54.148000,2020-11-22 14:58:54.149345,119.0,1.345,120.345,1.18549,1.18579,MM,OANDA DIVISION1,REAL,MT4,ZMQ,EURUSD
499,2020-11-22 14:58:54.139000,2020-11-22 14:58:54.258000,2020-11-22 14:58:54.259342,119.0,1.342,120.342,1.18549,1.18579,MM,OANDA DIVISION1,REAL,MT4,ZMQ,EURUSD
500,2020-11-22 14:58:54.245000,2020-11-22 14:58:54.364000,2020-11-22 14:58:54.365316,119.0,1.316,120.316,1.18549,1.18579,MM,OANDA DIVISION1,REAL,MT4,ZMQ,EURUSD
501,2020-11-22 14:58:54.356000,2020-11-22 14:58:54.475000,2020-11-22 14:58:54.476316,119.0,1.316,120.316,1.18549,1.18579,MM,OANDA DIVISION1,REAL,MT4,ZMQ,EURUSD
502,2020-11-22 14:58:54.464000,2020-11-22 14:58:54.583000,2020-11-22 14:58:54.584315,119.0,1.315,120.315,1.18549,1.18579,MM,OANDA DIVISION1,REAL,MT4,ZMQ,EURUSD
503,2020-11-22 14:58:54.582000,2020-11-22 14:58:54.701000,2020-11-22 14:58:54.703341,119.0,2.341,121.341,1.18549,1.18579,MM,OANDA DIVISION1,REAL,MT4,ZMQ,EURUSD
504,2020-11-22 14:58:54.684000,2020-11-22 14:58:54.803000,2020-11-22 14:58:54.804340,119.0,1.34,120.34,1.18549,1.18579,MM,OANDA DIVISION1,REAL,MT4,ZMQ,EURUSD
505,2020-11-22 14:58:54.793000,2020-11-22 14:58:54.912000,2020-11-22 14:58:54.913315,119.0,1.315,120.315,1.18549,1.18579,MM,OANDA DIVISION1,REAL,MT4,ZMQ,EURUSD
506,2020-11-22 14:58:54.904000,2020-11-22 14:58:55.023000,2020-11-22 14:58:55.024315,119.0,1.315,120.315,1.18549,1.18579,MM,OANDA DIVISION1,REAL,MT4,ZMQ,EURUSD
507,2020-11-22 14:58:55.009000,2020-11-22 14:58:55.128000,2020-11-22 14:58:55.129342,119.0,1.342,120.342,1.18549,1.18579,MM,OANDA DIVISION1,REAL,MT4,ZMQ,EURUSD
508,2020-11-22 14:58:55.122000,2020-11-22 14:58:55.241000,2020-11-22 14:58:55.242317,119.0,1.317,120.317,1.18549,1.18579,MM,OANDA DIVISION1,REAL,MT4,ZMQ,EURUSD
509,2020-11-22 14:58:55.228000,2020-11-22 14:58:55.347000,2020-11-22 14:58:55.348316,119.0,1.316,120.316,1.18549,1.18579,MM,OANDA DIVISION1,REAL,MT4,ZMQ,EURUSD
510,2020-11-22 14:58:55.338000,2020-11-22 14:58:55.457000,2020-11-22 14:58:55.458340,119.0,1.34,120.34,1.18549,1.18579,MM,OANDA DIVISION1,REAL,MT4,ZMQ,EURUSD
511,2020-11-22 14:58:55.447000,2020-11-22 14:58:55.566000,2020-11-22 14:58:55.567340,119.0,1.34,120.34,1.18549,1.18579,MM,OANDA DIVISION1,REAL,MT4,ZMQ,EURUSD
512,2020-11-22 14:58:55.558000,2020-11-22 14:58:55.677000,2020-11-22 14:58:55.679340,119.0,2.34,121.34,1.18549,1.18579,MM,OANDA DIVISION1,REAL,MT4,ZMQ,EURUSD
513,2020-11-22 14:58:55.669000,2020-11-22 14:58:55.788000,2020-11-22 14:58:55.793342,119.0,5.342,124.342,1.18549,1.18579,MM,OANDA DIVISION1,REAL,MT4,ZMQ,EURUSD
514,2020-11-22 14:58:55.776000,2020-11-22 14:58:55.895000,2020-11-22 14:58:55.896342,119.0,1.342,120.342,1.18549,1.18579,MM,OANDA DIVISION1,REAL,MT4,ZMQ,EURUSD
515,2020-11-22 14:58:55.886500,2020-11-22 14:58:56.005500,2020-11-22 14:58:56.006340,119.0,0.84,119.84,1.18549,1.18579,MM,OANDA DIVISION1,REAL,MT4,ZMQ,EURUSD
516,2020-11-22 14:58:55.993000,2020-11-22 14:58:56.112000,2020-11-22 14:58:56.113340,119.0,1.34,120.34,1.18549,1.18579,MM,OANDA DIVISION1,REAL,MT4,ZMQ,EURUSD
517,2020-11-22 14:58:56.103000,2020-11-22 14:58:56.222000,2020-11-22 14:58:56.223340,119.0,1.34,120.34,1.18549,1.18579,MM,OANDA DIVISION1,REAL,MT4,ZMQ,EURUSD
518,2020-11-22 14:58:56.215000,2020-11-22 14:58:56.334000,2020-11-22 14:58:56.335341,119.0,1.341,120.341,1.18549,1.18579,MM,OANDA DIVISION1,REAL,MT4,ZMQ,EURUSD
519,2020-11-22 14:58:56.329000,2020-11-22 14:58:56.448000,2020-11-22 14:58:56.450315,119.0,2.315,121.315,1.18549,1.18579,MM,OANDA DIVISION1,REAL,MT4,ZMQ,EURUSD
520,2020-11-22 14:58:56.432000,2020-11-22 14:58:56.551000,2020-11-22 14:58:56.552328,119.0,1.328,120.328,1.18549,1.18579,MM,OANDA DIVISION1,REAL,MT4,ZMQ,EURUSD
521,2020-11-22 14:58:56.544000,2020-11-22 14:58:56.663000,2020-11-22 14:58:56.664316,119.0,1.316,120.316,1.18549,1.18579,MM,OANDA DIVISION1,REAL,MT4,ZMQ,EURUSD
522,2020-11-22 14:58:56.650000,2020-11-22 14:58:56.769000,2020-11-22 14:58:56.770316,119.0,1.316,120.316,1.18549,1.18579,MM,OANDA DIVISION1,REAL,MT4,ZMQ,EURUSD
523,2020-11-22 14:58:56.759000,2020-11-22 14:58:56.878000,2020-11-22 14:58:56.879316,119.0,1.316,120.316,1.18549,1.18579,MM,OANDA DIVISION1,REAL,MT4,ZMQ,EURUSD
524,2020-11-22 14:58:56.868000,2020-11-22 14:58:56.987000,2020-11-22 14:58:56.989316,119.0,2.316,121.316,1.18549,1.18579,MM,OANDA DIVISION1,REAL,MT4,ZMQ,EURUSD
525,2020-11-22 14:58:56.978000,2020-11-22 14:58:57.097000,2020-11-22 14:58:57.098316,119.0,1.316,120.316,1.18549,1.18579,MM,OANDA DIVISION1,REAL,MT4,ZMQ,EURUSD
526,2020-11-22 14:58:57.088000,2020-11-22 14:58:57.207000,2020-11-22 14:58:57.208316,119.0,1.316,120.316,1.18549,1.18579,MM,OANDA DIVISION1,REAL,MT4,ZMQ,EURUSD
527,2020-11-22 14:58:57.198000,2020-11-22 14:58:57.317000,2020-11-22 14:58:57.318315,119.0,1.315,120.315,1.18549,1.18579,MM,OANDA DIVISION1,REAL,MT4,ZMQ,EURUSD
528,2020-11-22 14:58:57.309000,2020-11-22 14:58:57.428000,2020-11-22 14:58:57.429316,119.0,1.316,120.316,1.18549,1.18579,MM,OANDA DIVISION1,REAL,MT4,ZMQ,EURUSD
529,2020-11-22 14:58:57.415000,2020-11-22 14:58:57.534000,2020-11-22 14:58:57.535341,119.0,1.341,120.341,1.18549,1.18579,MM,OANDA DIVISION1,REAL,MT4,ZMQ,EURUSD
530,2020-11-22 14:58:57.525000,2020-11-22 14:58:57.644000,2020-11-22 14:58:57.645315,119.0,1.315,120.315,1.18549,1.18579,MM,OANDA DIVISION1,REAL,MT4,ZMQ,EURUSD
531,2020-11-22 14:58:57.636000,2020-11-22 14:58:57.755000,2020-11-22 14:58:57.756340,119.0,1.34,120.34,1.18549,1.18579,MM,OANDA DIVISION1,REAL,MT4,ZMQ,EURUSD
532,2020-11-22 14:58:57.743000,2020-11-22 14:58:57.862000,2020-11-22 14:58:57.863340,119.0,1.34,120.34,1.18549,1.18579,MM,OANDA DIVISION1,REAL,MT4,ZMQ,EURUSD
533,2020-11-22 14:58:57.856000,2020-11-22 14:58:57.975000,2020-11-22 14:58:57.976340,119.0,1.34,120.34,1.18549,1.18579,MM,OANDA DIVISION1,REAL,MT4,ZMQ,EURUSD
534,2020-11-22 14:58:57.964000,2020-11-22 14:58:58.083000,2020-11-22 14:58:58.084316,119.0,1.316,120.316,1.18549,1.18579,MM,OANDA DIVISION1,REAL,MT4,ZMQ,EURUSD
535,2020-11-22 14:58:58.083000,2020-11-22 14:58:58.202000,2020-11-22 14:58:58.203315,119.0,1.315,120.315,1.18549,1.18579,MM,OANDA DIVISION1,REAL,MT4,ZMQ,EURUSD
536,2020-11-22 14:58:58.182000,2020-11-22 14:58:58.301000,2020-11-22 14:58:58.302342,119.0,1.342,120.342,1.18549,1.18579,MM,OANDA DIVISION1,REAL,MT4,ZMQ,EURUSD
537,2020-11-22 14:58:58.294000,2020-11-22 14:58:58.413000,2020-11-22 14:58:58.414340,119.0,1.34,120.34,1.18549,1.18579,MM,OANDA DIVISION1,REAL,MT4,ZMQ,EURUSD
538,2020-11-22 14:58:58.401000,2020-11-22 14:58:58.520000,2020-11-22 14:58:58.521341,119.0,1.341,120.341,1.18549,1.18579,MM,OANDA DIVISION1,REAL,MT4,ZMQ,EURUSD
539,2020-11-22 14:58:58.510000,2020-11-22 14:58:58.629000,2020-11-22 14:58:58.630316,119.0,1.316,120.316,1.18549,1.18579,MM,OANDA DIVISION1,REAL,MT4,ZMQ,EURUSD
540,2020-11-22 14:58:58.623000,2020-11-22 14:58:58.742000,2020-11-22 14:58:58.743316,119.0,1.316,120.316,1.18549,1.18579,MM,OANDA DIVISION1,REAL,MT4,ZMQ,EURUSD
541,2020-11-22 14:58:58.728000,2020-11-22 14:58:58.847000,2020-11-22 14:58:58.849316,119.0,2.316,121.316,1.18549,1.18579,MM,OANDA DIVISION1,REAL,MT4,ZMQ,EURUSD
542,2020-11-22 14:58:58.838000,2020-11-22 14:58:58.957000,2020-11-22 14:58:58.958316,119.0,1.316,120.316,1.18549,1.18579,MM,OANDA DIVISION1,REAL,MT4,ZMQ,EURUSD
543,2020-11-22 14:58:58.950000,2020-11-22 14:58:59.069000,2020-11-22 14:58:59.070316,119.0,1.316,120.316,1.18549,1.18579,MM,OANDA DIVISION1,REAL,MT4,ZMQ,EURUSD
544,2020-11-22 14:58:59.059000,2020-11-22 14:58:59.178000,2020-11-22 14:58:59.179316,119.0,1.316,120.316,1.18549,1.18579,MM,OANDA DIVISION1,REAL,MT4,ZMQ,EURUSD
545,2020-11-22 14:58:59.165000,2020-11-22 14:58:59.284000,2020-11-22 14:58:59.285316,119.0,1.316,120.316,1.18549,1.18579,MM,OANDA DIVISION1,REAL,MT4,ZMQ,EURUSD
546,2020-11-22 14:58:59.277000,2020-11-22 14:58:59.396000,2020-11-22 14:58:59.397316,119.0,1.316,120.316,1.18549,1.18579,MM,OANDA DIVISION1,REAL,MT4,ZMQ,EURUSD
547,2020-11-22 14:58:59.388000,2020-11-22 14:58:59.507000,2020-11-22 14:58:59.508339,119.0,1.339,120.339,1.18549,1.18579,MM,OANDA DIVISION1,REAL,MT4,ZMQ,EURUSD
548,2020-11-22 14:58:59.494000,2020-11-22 14:58:59.613000,2020-11-22 14:58:59.614316,119.0,1.316,120.316,1.18549,1.18579,MM,OANDA DIVISION1,REAL,MT4,ZMQ,EURUSD
549,2020-11-22 14:58:59.603000,2020-11-22 14:58:59.722000,2020-11-22 14:58:59.723316,119.0,1.316,120.316,1.18549,1.18579,MM,OANDA DIVISION1,REAL,MT4,ZMQ,EURUSD
550,2020-11-22 14:58:59.713000,2020-11-22 14:58:59.832000,2020-11-22 14:58:59.833341,119.0,1.341,120.341,1.18549,1.18579,MM,OANDA DIVISION1,REAL,MT4,ZMQ,EURUSD
551,2020-11-22 14:58:59.835000,2020-11-22 14:58:59.954000,2020-11-22 14:58:59.955317,119.0,1.317,120.317,1.18549,1.18579,MM,OANDA DIVISION1,REAL,MT4,ZMQ,EURUSD
552,2020-11-22 14:58:59.932000,2020-11-22 14:59:00.051000,2020-11-22 14:59:00.052316,119.0,1.316,120.316,1.18549,1.18579,MM,OANDA DIVISION1,REAL,MT4,ZMQ,EURUSD
553,2020-11-22 14:59:00.042000,2020-11-22 14:59:00.161000,2020-11-22 14:59:00.162315,119.0,1.315,120.315,1.18549,1.18579,MM,OANDA DIVISION1,REAL,MT4,ZMQ,EURUSD
554,2020-11-22 14:59:00.152000,2020-11-22 14:59:00.271000,2020-11-22 14:59:00.272340,119.0,1.34,120.34,1.18549,1.18579,MM,OANDA DIVISION1,REAL,MT4,ZMQ,EURUSD
555,2020-11-22 14:59:00.263000,2020-11-22 14:59:00.382000,2020-11-22 14:59:00.383341,119.0,1.341,120.341,1.18549,1.18579,MM,OANDA DIVISION1,REAL,MT4,ZMQ,EURUSD
556,2020-11-22 14:59:00.372000,2020-11-22 14:59:00.491000,2020-11-22 14:59:00.492341,119.0,1.341,120.341,1.18549,1.18579,MM,OANDA DIVISION1,REAL,MT4,ZMQ,EURUSD
557,2020-11-22 14:59:00.478000,2020-11-22 14:59:00.597000,2020-11-22 14:59:00.598316,119.0,1.316,120.316,1.18549,1.18579,MM,OANDA DIVISION1,REAL,MT4,ZMQ,EURUSD
558,2020-11-22 14:59:00.587000,2020-11-22 14:59:00.706000,2020-11-22 14:59:00.707317,119.0,1.317,120.317,1.18549,1.18579,MM,OANDA DIVISION1,REAL,MT4,ZMQ,EURUSD
559,2020-11-22 14:59:00.697000,2020-11-22 14:59:00.816000,2020-11-22 14:59:00.817316,119.0,1.316,120.316,1.18549,1.18579,MM,OANDA DIVISION1,REAL,MT4,ZMQ,EURUSD
560,2020-11-22 14:59:00.808000,2020-11-22 14:59:00.927000,2020-11-22 14:59:00.928316,119.0,1.316,120.316,1.18549,1.18579,MM,OANDA DIVISION1,REAL,MT4,ZMQ,EURUSD
561,2020-11-22 14:59:00.916000,2020-11-22 14:59:01.035000,2020-11-22 14:59:01.036316,119.0,1.316,120.316,1.18549,1.18579,MM,OANDA DIVISION1,REAL,MT4,ZMQ,EURUSD
562,2020-11-22 14:59:01.028000,2020-11-22 14:59:01.147000,2020-11-22 14:59:01.148316,119.0,1.316,120.316,1.18549,1.18579,MM,OANDA DIVISION1,REAL,MT4,ZMQ,EURUSD
563,2020-11-22 14:59:01.134000,2020-11-22 14:59:01.253000,2020-11-22 14:59:01.254316,119.0,1.316,120.316,1.18549,1.18579,MM,OANDA DIVISION1,REAL,MT4,ZMQ,EURUSD
564,2020-11-22 14:59:01.245000,2020-11-22 14:59:01.364000,2020-11-22 14:59:01.365317,119.0,1.317,120.317,1.18549,1.18579,MM,OANDA DIVISION1,REAL,MT4,ZMQ,EURUSD
565,2020-11-22 14:59:01.353000,2020-11-22 14:59:01.472000,2020-11-22 14:59:01.473316,119.0,1.316,120.316,1.18549,1.18579,MM,OANDA DIVISION1,REAL,MT4,ZMQ,EURUSD
566,2020-11-22 14:59:01.463000,2020-11-22 14:59:01.582000,2020-11-22 14:59:01.584316,119.0,2.316,121.316,1.18549,1.18579,MM,OANDA DIVISION1,REAL,MT4,ZMQ,EURUSD
567,2020-11-22 14:59:01.582000,2020-11-22 14:59:01.701000,2020-11-22 14:59:01.703341,119.0,2.341,121.341,1.18549,1.18579,MM,OANDA DIVISION1,REAL,MT4,ZMQ,EURUSD
568,2020-11-22 14:59:01.681000,2020-11-22 14:59:01.800000,2020-11-22 14:59:01.801316,119.0,1.316,120.316,1.18549,1.18579,MM,OANDA DIVISION1,REAL,MT4,ZMQ,EURUSD
569,2020-11-22 14:59:01.793000,2020-11-22 14:59:01.912000,2020-11-22 14:59:01.913316,119.0,1.316,120.316,1.18549,1.18579,MM,OANDA DIVISION1,REAL,MT4,ZMQ,EURUSD
570,2020-11-22 14:59:01.900000,2020-11-22 14:59:02.019000,2020-11-22 14:59:02.020316,119.0,1.316,120.316,1.18549,1.18579,MM,OANDA DIVISION1,REAL,MT4,ZMQ,EURUSD
571,2020-11-22 14:59:02.011000,2020-11-22 14:59:02.130000,2020-11-22 14:59:02.131316,119.0,1.316,120.316,1.18549,1.18579,MM,OANDA DIVISION1,REAL,MT4,ZMQ,EURUSD
572,2020-11-22 14:59:02.119000,2020-11-22 14:59:02.238000,2020-11-22 14:59:02.240316,119.0,2.316,121.316,1.18549,1.18579,MM,OANDA DIVISION1,REAL,MT4,ZMQ,EURUSD
573,2020-11-22 14:59:02.231000,2020-11-22 14:59:02.350000,2020-11-22 14:59:02.351355,119.0,1.355,120.355,1.18549,1.18579,MM,OANDA DIVISION1,REAL,MT4,ZMQ,EURUSD
574,2020-11-22 14:59:02.339000,2020-11-22 14:59:02.458000,2020-11-22 14:59:02.459316,119.0,1.316,120.316,1.18549,1.18579,MM,OANDA DIVISION1,REAL,MT4,ZMQ,EURUSD
575,2020-11-22 14:59:02.448000,2020-11-22 14:59:02.567000,2020-11-22 14:59:02.568902,119.0,1.902,120.902,1.18549,1.18579,MM,OANDA DIVISION1,REAL,MT4,ZMQ,EURUSD
576,2020-11-22 14:59:02.555000,2020-11-22 14:59:02.674000,2020-11-22 14:59:02.676901,119.0,2.901,121.901,1.18549,1.18579,MM,OANDA DIVISION1,REAL,MT4,ZMQ,EURUSD
577,2020-11-22 14:59:02.667000,2020-11-22 14:59:02.786000,2020-11-22 14:59:02.787901,119.0,1.901,120.901,1.18549,1.18579,MM,OANDA DIVISION1,REAL,MT4,ZMQ,EURUSD
578,2020-11-22 14:59:02.778000,2020-11-22 14:59:02.897000,2020-11-22 14:59:02.898902,119.0,1.902,120.902,1.18549,1.18579,MM,OANDA DIVISION1,REAL,MT4,ZMQ,EURUSD
579,2020-11-22 14:59:02.887600,2020-11-22 14:59:03.006600,2020-11-22 14:59:03.007876,119.0,1.276,120.276,1.18549,1.18579,MM,OANDA DIVISION1,REAL,MT4,ZMQ,EURUSD
580,2020-11-22 14:59:02.994000,2020-11-22 14:59:03.113000,2020-11-22 14:59:03.114901,119.0,1.901,120.901,1.18549,1.18579,MM,OANDA DIVISION1,REAL,MT4,ZMQ,EURUSD
581,2020-11-22 14:59:03.103000,2020-11-22 14:59:03.222000,2020-11-22 14:59:03.223905,119.0,1.905,120.905,1.18549,1.18579,MM,OANDA DIVISION1,REAL,MT4,ZMQ,EURUSD
582,2020-11-22 14:59:03.217000,2020-11-22 14:59:03.336000,2020-11-22 14:59:03.337901,119.0,1.901,120.901,1.18549,1.18579,MM,OANDA DIVISION1,REAL,MT4,ZMQ,EURUSD
583,2020-11-22 14:59:03.332000,2020-11-22 14:59:03.451000,2020-11-22 14:59:03.452905,119.0,1.905,120.905,1.18549,1.18579,MM,OANDA DIVISION1,REAL,MT4,ZMQ,EURUSD
584,2020-11-22 14:59:03.434000,2020-11-22 14:59:03.553000,2020-11-22 14:59:03.554903,119.0,1.903,120.903,1.18549,1.18579,MM,OANDA DIVISION1,REAL,MT4,ZMQ,EURUSD
585,2020-11-22 14:59:03.543000,2020-11-22 14:59:03.662000,2020-11-22 14:59:03.663876,119.0,1.876,120.876,1.18549,1.18579,MM,OANDA DIVISION1,REAL,MT4,ZMQ,EURUSD
586,2020-11-22 14:59:03.651000,2020-11-22 14:59:03.770000,2020-11-22 14:59:03.771877,119.0,1.877,120.877,1.18549,1.18579,MM,OANDA DIVISION1,REAL,MT4,ZMQ,EURUSD
587,2020-11-22 14:59:03.759000,2020-11-22 14:59:03.878000,2020-11-22 14:59:03.879877,119.0,1.877,120.877,1.18549,1.18579,MM,OANDA DIVISION1,REAL,MT4,ZMQ,EURUSD
588,2020-11-22 14:59:03.871000,2020-11-22 14:59:03.990000,2020-11-22 14:59:03.991876,119.0,1.876,120.876,1.18549,1.18579,MM,OANDA DIVISION1,REAL,MT4,ZMQ,EURUSD
589,2020-11-22 14:59:03.980000,2020-11-22 14:59:04.099000,2020-11-22 14:59:04.100901,119.0,1.901,120.901,1.18549,1.18579,MM,OANDA DIVISION1,REAL,MT4,ZMQ,EURUSD
590,2020-11-22 14:59:04.091000,2020-11-22 14:59:04.210000,2020-11-22 14:59:04.211901,119.0,1.901,120.901,1.18549,1.18579,MM,OANDA DIVISION1,REAL,MT4,ZMQ,EURUSD
591,2020-11-22 14:59:04.200000,2020-11-22 14:59:04.319000,2020-11-22 14:59:04.320907,119.0,1.907,120.907,1.18549,1.18579,MM,OANDA DIVISION1,REAL,MT4,ZMQ,EURUSD
592,2020-11-22 14:59:04.305000,2020-11-22 14:59:04.424000,2020-11-22 14:59:04.425877,119.0,1.877,120.877,1.18549,1.18579,MM,OANDA DIVISION1,REAL,MT4,ZMQ,EURUSD
593,2020-11-22 14:59:04.418000,2020-11-22 14:59:04.537000,2020-11-22 14:59:04.538900,119.0,1.9,120.9,1.18549,1.18579,MM,OANDA DIVISION1,REAL,MT4,ZMQ,EURUSD
594,2020-11-22 14:59:04.527000,2020-11-22 14:59:04.646000,2020-11-22 14:59:04.659877,119.0,13.877,132.877,1.18549,1.18579,MM,OANDA DIVISION1,REAL,MT4,ZMQ,EURUSD
595,2020-11-22 14:59:04.634000,2020-11-22 14:59:04.753000,2020-11-22 14:59:04.754877,119.0,1.877,120.877,1.18549,1.18579,MM,OANDA DIVISION1,REAL,MT4,ZMQ,EURUSD
596,2020-11-22 14:59:04.745000,2020-11-22 14:59:04.864000,2020-11-22 14:59:04.865877,119.0,1.877,120.877,1.18549,1.18579,MM,OANDA DIVISION1,REAL,MT4,ZMQ,EURUSD
597,2020-11-22 14:59:04.853000,2020-11-22 14:59:04.972000,2020-11-22 14:59:04.973877,119.0,1.877,120.877,1.18549,1.18579,MM,OANDA DIVISION1,REAL,MT4,ZMQ,EURUSD
598,2020-11-22 14:59:04.962000,2020-11-22 14:59:05.081000,2020-11-22 14:59:05.082901,119.0,1.901,120.901,1.18549,1.18579,MM,OANDA DIVISION1,REAL,MT4,ZMQ,EURUSD
599,2020-11-22 14:59:05.081000,2020-11-22 14:59:05.200000,2020-11-22 14:59:05.202900,119.0,2.9,121.9,1.18549,1.18579,MM,OANDA DIVISION1,REAL,MT4,ZMQ,EURUSD
600,2020-11-22 14:59:05.182000,2020-11-22 14:59:05.301000,2020-11-22 14:59:05.302877,119.0,1.877,120.877,1.18549,1.18579,MM,OANDA DIVISION1,REAL,MT4,ZMQ,EURUSD
601,2020-11-22 14:59:05.293000,2020-11-22 14:59:05.412000,2020-11-22 14:59:05.413901,119.0,1.901,120.901,1.18549,1.18579,MM,OANDA DIVISION1,REAL,MT4,ZMQ,EURUSD
602,2020-11-22 14:59:05.401000,2020-11-22 14:59:05.520000,2020-11-22 14:59:05.521884,119.0,1.884,120.884,1.18549,1.18579,MM,OANDA DIVISION1,REAL,MT4,ZMQ,EURUSD
603,2020-11-22 14:59:05.509000,2020-11-22 14:59:05.628000,2020-11-22 14:59:05.629877,119.0,1.877,120.877,1.18549,1.18579,MM,OANDA DIVISION1,REAL,MT4,ZMQ,EURUSD
604,2020-11-22 14:59:05.620000,2020-11-22 14:59:05.739000,2020-11-22 14:59:05.740876,119.0,1.876,120.876,1.18549,1.18579,MM,OANDA DIVISION1,REAL,MT4,ZMQ,EURUSD
605,2020-11-22 14:59:05.727000,2020-11-22 14:59:05.846000,2020-11-22 14:59:05.847876,119.0,1.876,120.876,1.18549,1.18579,MM,OANDA DIVISION1,REAL,MT4,ZMQ,EURUSD
606,2020-11-22 14:59:05.839000,2020-11-22 14:59:05.958000,2020-11-22 14:59:05.959876,119.0,1.876,120.876,1.18549,1.18579,MM,OANDA DIVISION1,REAL,MT4,ZMQ,EURUSD
607,2020-11-22 14:59:05.950000,2020-11-22 14:59:06.069000,2020-11-22 14:59:06.070876,119.0,1.876,120.876,1.18549,1.18579,MM,OANDA DIVISION1,REAL,MT4,ZMQ,EURUSD
608,2020-11-22 14:59:06.058000,2020-11-22 14:59:06.177000,2020-11-22 14:59:06.178877,119.0,1.877,120.877,1.18549,1.18579,MM,OANDA DIVISION1,REAL,MT4,ZMQ,EURUSD
609,2020-11-22 14:59:06.169000,2020-11-22 14:59:06.288000,2020-11-22 14:59:06.289901,119.0,1.901,120.901,1.18549,1.18579,MM,OANDA DIVISION1,REAL,MT4,ZMQ,EURUSD
610,2020-11-22 14:59:06.274000,2020-11-22 14:59:06.393000,2020-11-22 14:59:06.394902,119.0,1.902,120.902,1.18549,1.18579,MM,OANDA DIVISION1,REAL,MT4,ZMQ,EURUSD
611,2020-11-22 14:59:06.386000,2020-11-22 14:59:06.505000,2020-11-22 14:59:06.506901,119.0,1.901,120.901,1.18549,1.18579,MM,OANDA DIVISION1,REAL,MT4,ZMQ,EURUSD
612,2020-11-22 14:59:06.494000,2020-11-22 14:59:06.613000,2020-11-22 14:59:06.614901,119.0,1.901,120.901,1.18549,1.18579,MM,OANDA DIVISION1,REAL,MT4,ZMQ,EURUSD
613,2020-11-22 14:59:06.605000,2020-11-22 14:59:06.724000,2020-11-22 14:59:06.725876,119.0,1.876,120.876,1.18549,1.18579,MM,OANDA DIVISION1,REAL,MT4,ZMQ,EURUSD
614,2020-11-22 14:59:06.715000,2020-11-22 14:59:06.834000,2020-11-22 14:59:06.835875,119.0,1.875,120.875,1.18549,1.18579,MM,OANDA DIVISION1,REAL,MT4,ZMQ,EURUSD
615,2020-11-22 14:59:06.832000,2020-11-22 14:59:06.951000,2020-11-22 14:59:06.953877,119.0,2.877,121.877,1.18549,1.18579,MM,OANDA DIVISION1,REAL,MT4,ZMQ,EURUSD
616,2020-11-22 14:59:06.933000,2020-11-22 14:59:07.052000,2020-11-22 14:59:07.053877,119.0,1.877,120.877,1.18549,1.18579,MM,OANDA DIVISION1,REAL,MT4,ZMQ,EURUSD
617,2020-11-22 14:59:07.043000,2020-11-22 14:59:07.162000,2020-11-22 14:59:07.163877,119.0,1.877,120.877,1.18549,1.18579,MM,OANDA DIVISION1,REAL,MT4,ZMQ,EURUSD
618,2020-11-22 14:59:07.150000,2020-11-22 14:59:07.269000,2020-11-22 14:59:07.270877,119.0,1.877,120.877,1.18549,1.18579,MM,OANDA DIVISION1,REAL,MT4,ZMQ,EURUSD
619,2020-11-22 14:59:07.261000,2020-11-22 14:59:07.380000,2020-11-22 14:59:07.381877,119.0,1.877,120.877,1.18549,1.18579,MM,OANDA DIVISION1,REAL,MT4,ZMQ,EURUSD
620,2020-11-22 14:59:07.368000,2020-11-22 14:59:07.487000,2020-11-22 14:59:07.488877,119.0,1.877,120.877,1.18549,1.18579,MM,OANDA DIVISION1,REAL,MT4,ZMQ,EURUSD
621,2020-11-22 14:59:07.482000,2020-11-22 14:59:07.601000,2020-11-22 14:59:07.602407,119.0,1.407,120.407,1.18549,1.18579,MM,OANDA DIVISION1,REAL,MT4,ZMQ,EURUSD
622,2020-11-22 14:59:07.591000,2020-11-22 14:59:07.710000,2020-11-22 14:59:07.711407,119.0,1.407,120.407,1.18549,1.18579,MM,OANDA DIVISION1,REAL,MT4,ZMQ,EURUSD
623,2020-11-22 14:59:07.698000,2020-11-22 14:59:07.817000,2020-11-22 14:59:07.818407,119.0,1.407,120.407,1.18549,1.18579,MM,OANDA DIVISION1,REAL,MT4,ZMQ,EURUSD
