,Creation Time,Terminal Time,Current Time,X,Y,Z,Bid,Ask,TypeBroker,BrokerName,DR,Terminal,Protocol,Symbol
0,2020-10-05 13:34:59.686000,2020-10-05 13:34:59.696000,2020-10-05 13:34:59.935412,10.0,239.412,249.412,1.17826,1.17838,MM,OANDA DIVISION1,REAL,MT4,ZMQ,EURUSD
1,2020-10-05 13:34:59.699000,2020-10-05 13:34:59.709000,2020-10-05 13:34:59.966412,10.0,257.412,267.412,1.17826,1.17838,MM,OANDA DIVISION1,REAL,MT4,ZMQ,EURUSD
2,2020-10-05 13:34:59.805000,2020-10-05 13:34:59.815000,2020-10-05 13:35:00.002412,10.0,187.412,197.412,1.17826,1.17838,MM,OANDA DIVISION1,REAL,MT4,ZMQ,EURUSD
3,2020-10-05 13:34:59.915000,2020-10-05 13:34:59.925000,2020-10-05 13:35:00.036445,10.0,111.445,121.445,1.17826,1.17838,MM,OANDA DIVISION1,REAL,MT4,ZMQ,EURUSD
4,2020-10-05 13:34:59.970000,2020-10-05 13:34:59.980000,2020-10-05 13:35:00.070443,10.0,90.443,100.443,1.17831,1.17845,MM,OANDA DIVISION1,REAL,MT4,ZMQ,EURUSD
5,2020-10-05 13:35:00.024000,2020-10-05 13:35:00.034000,2020-10-05 13:35:00.103515,10.0,69.515,79.515,1.17831,1.17845,MM,OANDA DIVISION1,REAL,MT4,ZMQ,EURUSD
6,2020-10-05 13:35:00.135000,2020-10-05 13:35:00.145000,2020-10-05 13:35:00.150515,10.0,5.515,15.515,1.17831,1.17845,MM,OANDA DIVISION1,REAL,MT4,ZMQ,EURUSD
7,2020-10-05 13:35:00.154000,2020-10-05 13:35:00.164000,2020-10-05 13:35:00.184515,10.0,20.515,30.515,1.17834,1.17847,MM,OANDA DIVISION1,REAL,MT4,ZMQ,EURUSD
8,2020-10-05 13:35:00.245000,2020-10-05 13:35:00.255000,2020-10-05 13:35:00.260515,10.0,5.515,15.515,1.17834,1.17847,MM,OANDA DIVISION1,REAL,MT4,ZMQ,EURUSD
9,2020-10-05 13:35:00.355000,2020-10-05 13:35:00.365000,2020-10-05 13:35:00.370563,10.0,5.563,15.563,1.17834,1.17847,MM,OANDA DIVISION1,REAL,MT4,ZMQ,EURUSD
10,2020-10-05 13:35:00.406000,2020-10-05 13:35:00.416000,2020-10-05 13:35:00.421537,10.0,5.537,15.537,1.17832,1.17845,MM,OANDA DIVISION1,REAL,MT4,ZMQ,EURUSD
11,2020-10-05 13:35:00.463000,2020-10-05 13:35:00.473000,2020-10-05 13:35:00.478562,10.0,5.562,15.562,1.17832,1.17845,MM,OANDA DIVISION1,REAL,MT4,ZMQ,EURUSD
12,2020-10-05 13:35:00.573000,2020-10-05 13:35:00.583000,2020-10-05 13:35:00.588781,10.0,5.781,15.781,1.17832,1.17845,MM,OANDA DIVISION1,REAL,MT4,ZMQ,EURUSD
13,2020-10-05 13:35:00.638000,2020-10-05 13:35:00.648000,2020-10-05 13:35:00.654781,10.0,6.781,16.781,1.1783,1.17843,MM,OANDA DIVISION1,REAL,MT4,ZMQ,EURUSD
14,2020-10-05 13:35:00.683000,2020-10-05 13:35:00.693000,2020-10-05 13:35:00.698781,10.0,5.781,15.781,1.1783,1.17843,MM,OANDA DIVISION1,REAL,MT4,ZMQ,EURUSD
15,2020-10-05 13:35:00.790000,2020-10-05 13:35:00.800000,2020-10-05 13:35:00.806782,10.0,6.782,16.782,1.1783,1.17843,MM,OANDA DIVISION1,REAL,MT4,ZMQ,EURUSD
16,2020-10-05 13:35:00.899000,2020-10-05 13:35:00.909000,2020-10-05 13:35:00.914781,10.0,5.781,15.781,1.1783,1.17843,MM,OANDA DIVISION1,REAL,MT4,ZMQ,EURUSD
17,2020-10-05 13:35:00.905000,2020-10-05 13:35:00.915000,2020-10-05 13:35:00.948781,10.0,33.781,43.781,1.17833,1.17845,MM,OANDA DIVISION1,REAL,MT4,ZMQ,EURUSD
18,2020-10-05 13:35:01.020000,2020-10-05 13:35:01.030000,2020-10-05 13:35:01.035782,10.0,5.782,15.782,1.17833,1.17845,MM,OANDA DIVISION1,REAL,MT4,ZMQ,EURUSD
19,2020-10-05 13:35:01.121000,2020-10-05 13:35:01.131000,2020-10-05 13:35:01.136781,10.0,5.781,15.781,1.17833,1.17845,MM,OANDA DIVISION1,REAL,MT4,ZMQ,EURUSD
20,2020-10-05 13:35:01.227000,2020-10-05 13:35:01.237000,2020-10-05 13:35:01.243781,10.0,6.781,16.781,1.17833,1.17845,MM,OANDA DIVISION1,REAL,MT4,ZMQ,EURUSD
21,2020-10-05 13:35:01.338000,2020-10-05 13:35:01.348000,2020-10-05 13:35:01.353781,10.0,5.781,15.781,1.17833,1.17845,MM,OANDA DIVISION1,REAL,MT4,ZMQ,EURUSD
22,2020-10-05 13:35:01.354000,2020-10-05 13:35:01.364000,2020-10-05 13:35:01.387781,10.0,23.781,33.781,1.17832,1.17844,MM,OANDA DIVISION1,REAL,MT4,ZMQ,EURUSD
23,2020-10-05 13:35:01.449000,2020-10-05 13:35:01.459000,2020-10-05 13:35:01.464807,10.0,5.807,15.807,1.17832,1.17844,MM,OANDA DIVISION1,REAL,MT4,ZMQ,EURUSD
24,2020-10-05 13:35:01.532000,2020-10-05 13:35:01.542000,2020-10-05 13:35:01.548781,10.0,6.781,16.781,1.17832,1.17846,MM,OANDA DIVISION1,REAL,MT4,ZMQ,EURUSD
25,2020-10-05 13:35:01.555000,2020-10-05 13:35:01.565000,2020-10-05 13:35:01.582781,10.0,17.781,27.781,1.17832,1.17846,MM,OANDA DIVISION1,REAL,MT4,ZMQ,EURUSD
26,2020-10-05 13:35:01.641000,2020-10-05 13:35:01.651000,2020-10-05 13:35:01.656781,10.0,5.781,15.781,1.17831,1.17845,MM,OANDA DIVISION1,REAL,MT4,ZMQ,EURUSD
27,2020-10-05 13:35:01.664000,2020-10-05 13:35:01.674000,2020-10-05 13:35:01.690781,10.0,16.781,26.781,1.17831,1.17845,MM,OANDA DIVISION1,REAL,MT4,ZMQ,EURUSD
28,2020-10-05 13:35:01.783000,2020-10-05 13:35:01.793000,2020-10-05 13:35:01.799782,10.0,6.782,16.782,1.17831,1.17845,MM,OANDA DIVISION1,REAL,MT4,ZMQ,EURUSD
29,2020-10-05 13:35:01.883000,2020-10-05 13:35:01.893000,2020-10-05 13:35:01.898781,10.0,5.781,15.781,1.17831,1.17845,MM,OANDA DIVISION1,REAL,MT4,ZMQ,EURUSD
30,2020-10-05 13:35:01.940000,2020-10-05 13:35:01.950000,2020-10-05 13:35:01.956781,10.0,6.781,16.781,1.17831,1.17845,MM,OANDA DIVISION1,REAL,MT4,ZMQ,EURUSD
31,2020-10-05 13:35:01.956000,2020-10-05 13:35:01.966000,2020-10-05 13:35:01.993803,10.0,27.803,37.803,1.1783,1.17844,MM,OANDA DIVISION1,REAL,MT4,ZMQ,EURUSD
32,2020-10-05 13:35:01.993300,2020-10-05 13:35:02.003300,2020-10-05 13:35:02.029782,10.0,26.482,36.482,1.1783,1.17844,MM,OANDA DIVISION1,REAL,MT4,ZMQ,EURUSD
33,2020-10-05 13:35:02.104000,2020-10-05 13:35:02.114000,2020-10-05 13:35:02.119781,10.0,5.781,15.781,1.1783,1.17844,MM,OANDA DIVISION1,REAL,MT4,ZMQ,EURUSD
34,2020-10-05 13:35:02.140000,2020-10-05 13:35:02.150000,2020-10-05 13:35:02.156782,10.0,6.782,16.782,1.17832,1.17845,MM,OANDA DIVISION1,REAL,MT4,ZMQ,EURUSD
35,2020-10-05 13:35:02.213000,2020-10-05 13:35:02.223000,2020-10-05 13:35:02.228781,10.0,5.781,15.781,1.17832,1.17845,MM,OANDA DIVISION1,REAL,MT4,ZMQ,EURUSD
36,2020-10-05 13:35:02.271000,2020-10-05 13:35:02.281000,2020-10-05 13:35:02.286781,10.0,5.781,15.781,1.17831,1.17844,MM,OANDA DIVISION1,REAL,MT4,ZMQ,EURUSD
37,2020-10-05 13:35:02.325000,2020-10-05 13:35:02.335000,2020-10-05 13:35:02.340781,10.0,5.781,15.781,1.17831,1.17844,MM,OANDA DIVISION1,REAL,MT4,ZMQ,EURUSD
38,2020-10-05 13:35:02.430000,2020-10-05 13:35:02.440000,2020-10-05 13:35:02.445781,10.0,5.781,15.781,1.17831,1.17844,MM,OANDA DIVISION1,REAL,MT4,ZMQ,EURUSD
39,2020-10-05 13:35:02.539000,2020-10-05 13:35:02.549000,2020-10-05 13:35:02.554781,10.0,5.781,15.781,1.17831,1.17844,MM,OANDA DIVISION1,REAL,MT4,ZMQ,EURUSD
40,2020-10-05 13:35:02.639000,2020-10-05 13:35:02.649000,2020-10-05 13:35:02.655780,10.0,6.78,16.78,1.17832,1.17845,MM,OANDA DIVISION1,REAL,MT4,ZMQ,EURUSD
41,2020-10-05 13:35:02.650000,2020-10-05 13:35:02.660000,2020-10-05 13:35:02.688806,10.0,28.806,38.806,1.17832,1.17845,MM,OANDA DIVISION1,REAL,MT4,ZMQ,EURUSD
42,2020-10-05 13:35:02.771000,2020-10-05 13:35:02.781000,2020-10-05 13:35:02.786807,10.0,5.807,15.807,1.17832,1.17845,MM,OANDA DIVISION1,REAL,MT4,ZMQ,EURUSD
43,2020-10-05 13:35:02.868000,2020-10-05 13:35:02.878000,2020-10-05 13:35:02.883782,10.0,5.782,15.782,1.17832,1.17845,MM,OANDA DIVISION1,REAL,MT4,ZMQ,EURUSD
44,2020-10-05 13:35:02.891000,2020-10-05 13:35:02.901000,2020-10-05 13:35:02.919801,10.0,18.801,28.801,1.17831,1.17844,MM,OANDA DIVISION1,REAL,MT4,ZMQ,EURUSD
45,2020-10-05 13:35:02.985000,2020-10-05 13:35:02.995000,2020-10-05 13:35:03.000781,10.0,5.781,15.781,1.17831,1.17844,MM,OANDA DIVISION1,REAL,MT4,ZMQ,EURUSD
46,2020-10-05 13:35:03.087000,2020-10-05 13:35:03.097000,2020-10-05 13:35:03.102782,10.0,5.782,15.782,1.17831,1.17844,MM,OANDA DIVISION1,REAL,MT4,ZMQ,EURUSD
47,2020-10-05 13:35:03.152000,2020-10-05 13:35:03.162000,2020-10-05 13:35:03.168781,10.0,6.781,16.781,1.17829,1.17843,MM,OANDA DIVISION1,REAL,MT4,ZMQ,EURUSD
48,2020-10-05 13:35:03.199000,2020-10-05 13:35:03.209000,2020-10-05 13:35:03.215780,10.0,6.78,16.78,1.17829,1.17843,MM,OANDA DIVISION1,REAL,MT4,ZMQ,EURUSD
49,2020-10-05 13:35:03.308000,2020-10-05 13:35:03.318000,2020-10-05 13:35:03.323781,10.0,5.781,15.781,1.17829,1.17843,MM,OANDA DIVISION1,REAL,MT4,ZMQ,EURUSD
50,2020-10-05 13:35:03.415000,2020-10-05 13:35:03.425000,2020-10-05 13:35:03.430781,10.0,5.781,15.781,1.17829,1.17843,MM,OANDA DIVISION1,REAL,MT4,ZMQ,EURUSD
51,2020-10-05 13:35:03.525000,2020-10-05 13:35:03.535000,2020-10-05 13:35:03.540781,10.0,5.781,15.781,1.17829,1.17843,MM,OANDA DIVISION1,REAL,MT4,ZMQ,EURUSD
52,2020-10-05 13:35:03.635000,2020-10-05 13:35:03.645000,2020-10-05 13:35:03.650781,10.0,5.781,15.781,1.17829,1.17843,MM,OANDA DIVISION1,REAL,MT4,ZMQ,EURUSD
53,2020-10-05 13:35:03.743000,2020-10-05 13:35:03.753000,2020-10-05 13:35:03.758781,10.0,5.781,15.781,1.17829,1.17843,MM,OANDA DIVISION1,REAL,MT4,ZMQ,EURUSD
54,2020-10-05 13:35:03.855000,2020-10-05 13:35:03.865000,2020-10-05 13:35:03.870782,10.0,5.782,15.782,1.17829,1.17843,MM,OANDA DIVISION1,REAL,MT4,ZMQ,EURUSD
55,2020-10-05 13:35:03.965000,2020-10-05 13:35:03.975000,2020-10-05 13:35:03.980291,10.0,5.291,15.291,1.17829,1.17843,MM,OANDA DIVISION1,REAL,MT4,ZMQ,EURUSD
56,2020-10-05 13:35:04.075000,2020-10-05 13:35:04.085000,2020-10-05 13:35:04.090292,10.0,5.292,15.292,1.17829,1.17843,MM,OANDA DIVISION1,REAL,MT4,ZMQ,EURUSD
57,2020-10-05 13:35:04.181000,2020-10-05 13:35:04.191000,2020-10-05 13:35:04.196292,10.0,5.292,15.292,1.17829,1.17843,MM,OANDA DIVISION1,REAL,MT4,ZMQ,EURUSD
58,2020-10-05 13:35:04.293000,2020-10-05 13:35:04.303000,2020-10-05 13:35:04.308292,10.0,5.292,15.292,1.17829,1.17843,MM,OANDA DIVISION1,REAL,MT4,ZMQ,EURUSD
59,2020-10-05 13:35:04.399000,2020-10-05 13:35:04.409000,2020-10-05 13:35:04.414292,10.0,5.292,15.292,1.17829,1.17843,MM,OANDA DIVISION1,REAL,MT4,ZMQ,EURUSD
60,2020-10-05 13:35:04.516000,2020-10-05 13:35:04.526000,2020-10-05 13:35:04.531801,10.0,5.801,15.801,1.17829,1.17843,MM,OANDA DIVISION1,REAL,MT4,ZMQ,EURUSD
61,2020-10-05 13:35:04.619000,2020-10-05 13:35:04.629000,2020-10-05 13:35:04.634802,10.0,5.802,15.802,1.17829,1.17843,MM,OANDA DIVISION1,REAL,MT4,ZMQ,EURUSD
62,2020-10-05 13:35:04.727000,2020-10-05 13:35:04.737000,2020-10-05 13:35:04.742803,10.0,5.803,15.803,1.17829,1.17843,MM,OANDA DIVISION1,REAL,MT4,ZMQ,EURUSD
63,2020-10-05 13:35:04.836000,2020-10-05 13:35:04.846000,2020-10-05 13:35:04.852828,10.0,6.828,16.828,1.17829,1.17843,MM,OANDA DIVISION1,REAL,MT4,ZMQ,EURUSD
64,2020-10-05 13:35:04.947000,2020-10-05 13:35:04.957000,2020-10-05 13:35:04.962802,10.0,5.802,15.802,1.17829,1.17843,MM,OANDA DIVISION1,REAL,MT4,ZMQ,EURUSD
65,2020-10-05 13:35:05.055000,2020-10-05 13:35:05.065000,2020-10-05 13:35:05.070337,10.0,5.337,15.337,1.17829,1.17843,MM,OANDA DIVISION1,REAL,MT4,ZMQ,EURUSD
66,2020-10-05 13:35:05.165000,2020-10-05 13:35:05.175000,2020-10-05 13:35:05.180311,10.0,5.311,15.311,1.17829,1.17843,MM,OANDA DIVISION1,REAL,MT4,ZMQ,EURUSD
67,2020-10-05 13:35:05.275000,2020-10-05 13:35:05.285000,2020-10-05 13:35:05.290310,10.0,5.31,15.31,1.17829,1.17843,MM,OANDA DIVISION1,REAL,MT4,ZMQ,EURUSD
68,2020-10-05 13:35:05.384000,2020-10-05 13:35:05.394000,2020-10-05 13:35:05.399336,10.0,5.336,15.336,1.17829,1.17843,MM,OANDA DIVISION1,REAL,MT4,ZMQ,EURUSD
69,2020-10-05 13:35:05.496000,2020-10-05 13:35:05.506000,2020-10-05 13:35:05.511338,10.0,5.338,15.338,1.17829,1.17843,MM,OANDA DIVISION1,REAL,MT4,ZMQ,EURUSD
70,2020-10-05 13:35:05.602000,2020-10-05 13:35:05.612000,2020-10-05 13:35:05.617311,10.0,5.311,15.311,1.17829,1.17843,MM,OANDA DIVISION1,REAL,MT4,ZMQ,EURUSD
71,2020-10-05 13:35:05.712000,2020-10-05 13:35:05.722000,2020-10-05 13:35:05.727311,10.0,5.311,15.311,1.17829,1.17843,MM,OANDA DIVISION1,REAL,MT4,ZMQ,EURUSD
72,2020-10-05 13:35:05.821000,2020-10-05 13:35:05.831000,2020-10-05 13:35:05.836311,10.0,5.311,15.311,1.17829,1.17843,MM,OANDA DIVISION1,REAL,MT4,ZMQ,EURUSD
73,2020-10-05 13:35:05.931000,2020-10-05 13:35:05.941000,2020-10-05 13:35:05.946311,10.0,5.311,15.311,1.17829,1.17843,MM,OANDA DIVISION1,REAL,MT4,ZMQ,EURUSD
74,2020-10-05 13:35:06.040000,2020-10-05 13:35:06.050000,2020-10-05 13:35:06.055311,10.0,5.311,15.311,1.17829,1.17843,MM,OANDA DIVISION1,REAL,MT4,ZMQ,EURUSD
75,2020-10-05 13:35:06.149000,2020-10-05 13:35:06.159000,2020-10-05 13:35:06.164311,10.0,5.311,15.311,1.17829,1.17843,MM,OANDA DIVISION1,REAL,MT4,ZMQ,EURUSD
76,2020-10-05 13:35:06.268000,2020-10-05 13:35:06.278000,2020-10-05 13:35:06.283311,10.0,5.311,15.311,1.17829,1.17843,MM,OANDA DIVISION1,REAL,MT4,ZMQ,EURUSD
77,2020-10-05 13:35:06.369000,2020-10-05 13:35:06.379000,2020-10-05 13:35:06.384311,10.0,5.311,15.311,1.17829,1.17843,MM,OANDA DIVISION1,REAL,MT4,ZMQ,EURUSD
78,2020-10-05 13:35:06.479000,2020-10-05 13:35:06.489000,2020-10-05 13:35:06.495310,10.0,6.31,16.31,1.17829,1.17843,MM,OANDA DIVISION1,REAL,MT4,ZMQ,EURUSD
79,2020-10-05 13:35:06.588000,2020-10-05 13:35:06.598000,2020-10-05 13:35:06.603311,10.0,5.311,15.311,1.17829,1.17843,MM,OANDA DIVISION1,REAL,MT4,ZMQ,EURUSD
80,2020-10-05 13:35:06.697000,2020-10-05 13:35:06.707000,2020-10-05 13:35:06.712311,10.0,5.311,15.311,1.17829,1.17843,MM,OANDA DIVISION1,REAL,MT4,ZMQ,EURUSD
81,2020-10-05 13:35:06.806000,2020-10-05 13:35:06.816000,2020-10-05 13:35:06.821311,10.0,5.311,15.311,1.17829,1.17843,MM,OANDA DIVISION1,REAL,MT4,ZMQ,EURUSD
82,2020-10-05 13:35:06.917000,2020-10-05 13:35:06.927000,2020-10-05 13:35:06.932311,10.0,5.311,15.311,1.17829,1.17843,MM,OANDA DIVISION1,REAL,MT4,ZMQ,EURUSD
83,2020-10-05 13:35:07.025000,2020-10-05 13:35:07.035000,2020-10-05 13:35:07.040311,10.0,5.311,15.311,1.17829,1.17843,MM,OANDA DIVISION1,REAL,MT4,ZMQ,EURUSD
84,2020-10-05 13:35:07.137000,2020-10-05 13:35:07.147000,2020-10-05 13:35:07.152311,10.0,5.311,15.311,1.17829,1.17843,MM,OANDA DIVISION1,REAL,MT4,ZMQ,EURUSD
85,2020-10-05 13:35:07.244000,2020-10-05 13:35:07.254000,2020-10-05 13:35:07.259311,10.0,5.311,15.311,1.17829,1.17843,MM,OANDA DIVISION1,REAL,MT4,ZMQ,EURUSD
86,2020-10-05 13:35:07.354000,2020-10-05 13:35:07.364000,2020-10-05 13:35:07.369311,10.0,5.311,15.311,1.17829,1.17843,MM,OANDA DIVISION1,REAL,MT4,ZMQ,EURUSD
87,2020-10-05 13:35:07.462000,2020-10-05 13:35:07.472000,2020-10-05 13:35:07.477310,10.0,5.31,15.31,1.17829,1.17843,MM,OANDA DIVISION1,REAL,MT4,ZMQ,EURUSD
88,2020-10-05 13:35:07.473000,2020-10-05 13:35:07.483000,2020-10-05 13:35:07.511311,10.0,28.311,38.311,1.17828,1.17842,MM,OANDA DIVISION1,REAL,MT4,ZMQ,EURUSD
89,2020-10-05 13:35:07.553000,2020-10-05 13:35:07.563000,2020-10-05 13:35:07.568311,10.0,5.311,15.311,1.17829,1.17843,MM,OANDA DIVISION1,REAL,MT4,ZMQ,EURUSD
90,2020-10-05 13:35:07.571000,2020-10-05 13:35:07.581000,2020-10-05 13:35:07.603311,10.0,22.311,32.311,1.17829,1.17843,MM,OANDA DIVISION1,REAL,MT4,ZMQ,EURUSD
91,2020-10-05 13:35:07.683000,2020-10-05 13:35:07.693000,2020-10-05 13:35:07.698311,10.0,5.311,15.311,1.17829,1.17843,MM,OANDA DIVISION1,REAL,MT4,ZMQ,EURUSD
92,2020-10-05 13:35:07.686000,2020-10-05 13:35:07.696000,2020-10-05 13:35:07.731311,10.0,35.311,45.311,1.17828,1.17842,MM,OANDA DIVISION1,REAL,MT4,ZMQ,EURUSD
93,2020-10-05 13:35:07.790000,2020-10-05 13:35:07.800000,2020-10-05 13:35:07.805311,10.0,5.311,15.311,1.17828,1.17842,MM,OANDA DIVISION1,REAL,MT4,ZMQ,EURUSD
94,2020-10-05 13:35:07.845000,2020-10-05 13:35:07.855000,2020-10-05 13:35:07.860311,10.0,5.311,15.311,1.17824,1.17838,MM,OANDA DIVISION1,REAL,MT4,ZMQ,EURUSD
95,2020-10-05 13:35:07.899000,2020-10-05 13:35:07.909000,2020-10-05 13:35:07.914311,10.0,5.311,15.311,1.17824,1.17838,MM,OANDA DIVISION1,REAL,MT4,ZMQ,EURUSD
96,2020-10-05 13:35:07.991100,2020-10-05 13:35:08.001100,2020-10-05 13:35:08.006311,10.0,5.211,15.211,1.17822,1.17836,MM,OANDA DIVISION1,REAL,MT4,ZMQ,EURUSD
97,2020-10-05 13:35:08.018000,2020-10-05 13:35:08.028000,2020-10-05 13:35:08.041311,10.0,13.311,23.311,1.17822,1.17836,MM,OANDA DIVISION1,REAL,MT4,ZMQ,EURUSD
98,2020-10-05 13:35:08.119000,2020-10-05 13:35:08.129000,2020-10-05 13:35:08.134311,10.0,5.311,15.311,1.17822,1.17836,MM,OANDA DIVISION1,REAL,MT4,ZMQ,EURUSD
99,2020-10-05 13:35:08.231000,2020-10-05 13:35:08.241000,2020-10-05 13:35:08.246311,10.0,5.311,15.311,1.17822,1.17836,MM,OANDA DIVISION1,REAL,MT4,ZMQ,EURUSD
100,2020-10-05 13:35:08.301000,2020-10-05 13:35:08.311000,2020-10-05 13:37:06.169804,10.0,117858.804,117868.804,1.17822,1.17836,MM,OANDA DIVISION1,REAL,MT4,ZMQ,EURUSD
101,2020-10-05 13:35:08.337000,2020-10-05 13:35:08.347000,2020-10-05 13:37:06.203831,10.0,117856.831,117866.831,1.17822,1.17836,MM,OANDA DIVISION1,REAL,MT4,ZMQ,EURUSD
102,2020-10-05 13:35:08.374000,2020-10-05 13:35:08.384000,2020-10-05 13:37:06.236830,10.0,117852.83,117862.83,1.17822,1.17834,MM,OANDA DIVISION1,REAL,MT4,ZMQ,EURUSD
103,2020-10-05 13:35:08.448000,2020-10-05 13:35:08.458000,2020-10-05 13:37:06.269830,10.0,117811.83,117821.83,1.17822,1.17834,MM,OANDA DIVISION1,REAL,MT4,ZMQ,EURUSD
104,2020-10-05 13:35:08.555000,2020-10-05 13:35:08.565000,2020-10-05 13:37:06.303830,10.0,117738.83,117748.83,1.17822,1.17834,MM,OANDA DIVISION1,REAL,MT4,ZMQ,EURUSD
105,2020-10-05 13:35:08.657000,2020-10-05 13:35:08.667000,2020-10-05 13:37:06.338807,10.0,117671.807,117681.807,1.17825,1.1784,MM,OANDA DIVISION1,REAL,MT4,ZMQ,EURUSD
106,2020-10-05 13:35:08.669000,2020-10-05 13:35:08.679000,2020-10-05 13:37:06.372809,10.0,117693.809,117703.809,1.17825,1.1784,MM,OANDA DIVISION1,REAL,MT4,ZMQ,EURUSD
107,2020-10-05 13:35:08.778000,2020-10-05 13:35:08.788000,2020-10-05 13:37:06.405830,10.0,117617.83,117627.83,1.17825,1.1784,MM,OANDA DIVISION1,REAL,MT4,ZMQ,EURUSD
108,2020-10-05 13:35:08.886000,2020-10-05 13:35:08.896000,2020-10-05 13:37:06.439837,10.0,117543.837,117553.837,1.17825,1.1784,MM,OANDA DIVISION1,REAL,MT4,ZMQ,EURUSD
109,2020-10-05 13:35:08.997700,2020-10-05 13:35:09.007700,2020-10-05 13:37:06.474805,10.0,117467.105,117477.105,1.17825,1.1784,MM,OANDA DIVISION1,REAL,MT4,ZMQ,EURUSD
110,2020-10-05 13:35:09.105000,2020-10-05 13:35:09.115000,2020-10-05 13:37:06.508835,10.0,117393.835,117403.835,1.17825,1.1784,MM,OANDA DIVISION1,REAL,MT4,ZMQ,EURUSD
111,2020-10-05 13:35:09.194000,2020-10-05 13:35:09.204000,2020-10-05 13:37:06.542834,10.0,117338.834,117348.834,1.17825,1.17838,MM,OANDA DIVISION1,REAL,MT4,ZMQ,EURUSD
112,2020-10-05 13:35:09.230000,2020-10-05 13:35:09.240000,2020-10-05 13:37:06.575835,10.0,117335.835,117345.835,1.17825,1.17838,MM,OANDA DIVISION1,REAL,MT4,ZMQ,EURUSD
113,2020-10-05 13:35:09.322000,2020-10-05 13:35:09.332000,2020-10-05 13:37:06.609805,10.0,117277.805,117287.805,1.17825,1.17838,MM,OANDA DIVISION1,REAL,MT4,ZMQ,EURUSD
114,2020-10-05 13:35:09.428000,2020-10-05 13:35:09.438000,2020-10-05 13:37:06.642836,10.0,117204.836,117214.836,1.17823,1.17837,MM,OANDA DIVISION1,REAL,MT4,ZMQ,EURUSD
115,2020-10-05 13:35:09.435000,2020-10-05 13:35:09.445000,2020-10-05 13:37:06.678806,10.0,117233.806,117243.806,1.17823,1.17837,MM,OANDA DIVISION1,REAL,MT4,ZMQ,EURUSD
116,2020-10-05 13:35:09.544000,2020-10-05 13:35:09.554000,2020-10-05 13:37:06.715804,10.0,117161.804,117171.804,1.17823,1.17837,MM,OANDA DIVISION1,REAL,MT4,ZMQ,EURUSD
117,2020-10-05 13:35:09.580000,2020-10-05 13:35:09.590000,2020-10-05 13:37:06.751807,10.0,117161.807,117171.807,1.17819,1.17833,MM,OANDA DIVISION1,REAL,MT4,ZMQ,EURUSD
118,2020-10-05 13:35:09.651000,2020-10-05 13:35:09.661000,2020-10-05 13:37:06.785804,10.0,117124.804,117134.804,1.17819,1.17833,MM,OANDA DIVISION1,REAL,MT4,ZMQ,EURUSD
119,2020-10-05 13:35:09.769000,2020-10-05 13:35:09.779000,2020-10-05 13:37:06.820805,10.0,117041.805,117051.805,1.17819,1.17833,MM,OANDA DIVISION1,REAL,MT4,ZMQ,EURUSD
120,2020-10-05 13:35:09.812000,2020-10-05 13:35:09.822000,2020-10-05 13:37:06.857804,10.0,117035.804,117045.804,1.17821,1.17835,MM,OANDA DIVISION1,REAL,MT4,ZMQ,EURUSD
121,2020-10-05 13:35:09.843000,2020-10-05 13:35:09.853000,2020-10-05 13:37:06.893805,10.0,117040.805,117050.805,1.17822,1.17836,MM,OANDA DIVISION1,REAL,MT4,ZMQ,EURUSD
122,2020-10-05 13:35:09.868000,2020-10-05 13:35:09.878000,2020-10-05 13:37:06.928805,10.0,117050.805,117060.805,1.17822,1.17836,MM,OANDA DIVISION1,REAL,MT4,ZMQ,EURUSD
123,2020-10-05 13:35:09.875000,2020-10-05 13:35:09.885000,2020-10-05 13:37:06.963805,10.0,117078.805,117088.805,1.17824,1.17836,MM,OANDA DIVISION1,REAL,MT4,ZMQ,EURUSD
124,2020-10-05 13:35:09.981000,2020-10-05 13:35:09.991000,2020-10-05 13:37:06.997315,10.0,117006.315,117016.315,1.17824,1.17836,MM,OANDA DIVISION1,REAL,MT4,ZMQ,EURUSD
125,2020-10-05 13:35:10.087000,2020-10-05 13:35:10.097000,2020-10-05 13:37:07.032316,10.0,116935.316,116945.316,1.17824,1.17836,MM,OANDA DIVISION1,REAL,MT4,ZMQ,EURUSD
126,2020-10-05 13:35:10.196000,2020-10-05 13:35:10.206000,2020-10-05 13:37:07.066315,10.0,116860.315,116870.315,1.17824,1.17836,MM,OANDA DIVISION1,REAL,MT4,ZMQ,EURUSD
127,2020-10-05 13:35:10.304000,2020-10-05 13:35:10.314000,2020-10-05 13:37:07.099316,10.0,116785.316,116795.316,1.17822,1.17836,MM,OANDA DIVISION1,REAL,MT4,ZMQ,EURUSD
128,2020-10-05 13:35:10.311000,2020-10-05 13:35:10.321000,2020-10-05 13:37:07.133375,10.0,116812.375,116822.375,1.17822,1.17836,MM,OANDA DIVISION1,REAL,MT4,ZMQ,EURUSD
129,2020-10-05 13:35:10.388000,2020-10-05 13:35:10.398000,2020-10-05 13:37:07.166376,10.0,116768.376,116778.376,1.1782,1.17834,MM,OANDA DIVISION1,REAL,MT4,ZMQ,EURUSD
130,2020-10-05 13:35:10.418000,2020-10-05 13:35:10.428000,2020-10-05 13:37:07.200375,10.0,116772.375,116782.375,1.1782,1.17834,MM,OANDA DIVISION1,REAL,MT4,ZMQ,EURUSD
131,2020-10-05 13:35:10.547000,2020-10-05 13:35:10.557000,2020-10-05 13:37:07.234375,10.0,116677.375,116687.375,1.1782,1.17834,MM,OANDA DIVISION1,REAL,MT4,ZMQ,EURUSD
132,2020-10-05 13:35:10.636000,2020-10-05 13:35:10.646000,2020-10-05 13:37:07.268375,10.0,116622.375,116632.375,1.1782,1.17834,MM,OANDA DIVISION1,REAL,MT4,ZMQ,EURUSD
133,2020-10-05 13:35:10.733000,2020-10-05 13:35:10.743000,2020-10-05 13:37:07.302377,10.0,116559.377,116569.377,1.17819,1.17832,MM,OANDA DIVISION1,REAL,MT4,ZMQ,EURUSD
134,2020-10-05 13:35:10.744000,2020-10-05 13:35:10.754000,2020-10-05 13:37:07.335410,10.0,116581.41,116591.41,1.17819,1.17832,MM,OANDA DIVISION1,REAL,MT4,ZMQ,EURUSD
135,2020-10-05 13:35:10.852000,2020-10-05 13:35:10.862000,2020-10-05 13:37:07.369405,10.0,116507.405,116517.405,1.17819,1.17832,MM,OANDA DIVISION1,REAL,MT4,ZMQ,EURUSD
136,2020-10-05 13:35:10.963000,2020-10-05 13:35:10.973000,2020-10-05 13:37:07.403386,10.0,116430.386,116440.386,1.17819,1.17832,MM,OANDA DIVISION1,REAL,MT4,ZMQ,EURUSD
137,2020-10-05 13:35:11.072000,2020-10-05 13:35:11.082000,2020-10-05 13:37:07.437384,10.0,116355.384,116365.384,1.17819,1.17832,MM,OANDA DIVISION1,REAL,MT4,ZMQ,EURUSD
138,2020-10-05 13:35:11.181000,2020-10-05 13:35:11.191000,2020-10-05 13:37:07.472413,10.0,116281.413,116291.413,1.17819,1.17832,MM,OANDA DIVISION1,REAL,MT4,ZMQ,EURUSD
139,2020-10-05 13:35:11.274000,2020-10-05 13:35:11.284000,2020-10-05 13:37:07.505413,10.0,116221.413,116231.413,1.1782,1.17833,MM,OANDA DIVISION1,REAL,MT4,ZMQ,EURUSD
140,2020-10-05 13:35:11.294000,2020-10-05 13:35:11.304000,2020-10-05 13:37:07.538456,10.0,116234.456,116244.456,1.1782,1.17833,MM,OANDA DIVISION1,REAL,MT4,ZMQ,EURUSD
141,2020-10-05 13:35:11.400000,2020-10-05 13:35:11.410000,2020-10-05 13:37:07.571455,10.0,116161.455,116171.455,1.1782,1.17833,MM,OANDA DIVISION1,REAL,MT4,ZMQ,EURUSD
142,2020-10-05 13:35:11.541000,2020-10-05 13:35:11.551000,2020-10-05 13:37:07.605423,10.0,116054.423,116064.423,1.1782,1.17833,MM,OANDA DIVISION1,REAL,MT4,ZMQ,EURUSD
143,2020-10-05 13:35:11.618000,2020-10-05 13:35:11.628000,2020-10-05 13:37:07.640453,10.0,116012.453,116022.453,1.1782,1.17833,MM,OANDA DIVISION1,REAL,MT4,ZMQ,EURUSD
144,2020-10-05 13:35:11.730000,2020-10-05 13:35:11.740000,2020-10-05 13:37:07.673448,10.0,115933.448,115943.448,1.1782,1.17833,MM,OANDA DIVISION1,REAL,MT4,ZMQ,EURUSD
145,2020-10-05 13:35:11.837000,2020-10-05 13:35:11.847000,2020-10-05 13:37:07.707453,10.0,115860.453,115870.453,1.1782,1.17833,MM,OANDA DIVISION1,REAL,MT4,ZMQ,EURUSD
146,2020-10-05 13:35:11.946000,2020-10-05 13:35:11.956000,2020-10-05 13:37:07.741453,10.0,115785.453,115795.453,1.1782,1.17833,MM,OANDA DIVISION1,REAL,MT4,ZMQ,EURUSD
147,2020-10-05 13:35:12.060000,2020-10-05 13:35:12.070000,2020-10-05 13:37:07.775448,10.0,115705.448,115715.448,1.1782,1.17833,MM,OANDA DIVISION1,REAL,MT4,ZMQ,EURUSD
148,2020-10-05 13:35:12.164000,2020-10-05 13:35:12.174000,2020-10-05 13:37:07.808452,10.0,115634.452,115644.452,1.1782,1.17833,MM,OANDA DIVISION1,REAL,MT4,ZMQ,EURUSD
149,2020-10-05 13:35:12.275000,2020-10-05 13:35:12.285000,2020-10-05 13:37:07.842492,10.0,115557.492,115567.492,1.1782,1.17833,MM,OANDA DIVISION1,REAL,MT4,ZMQ,EURUSD
150,2020-10-05 13:35:12.385000,2020-10-05 13:35:12.395000,2020-10-05 13:37:07.875493,10.0,115480.493,115490.493,1.1782,1.17833,MM,OANDA DIVISION1,REAL,MT4,ZMQ,EURUSD
151,2020-10-05 13:35:12.493000,2020-10-05 13:35:12.503000,2020-10-05 13:37:07.909491,10.0,115406.491,115416.491,1.1782,1.17833,MM,OANDA DIVISION1,REAL,MT4,ZMQ,EURUSD
152,2020-10-05 13:35:12.605000,2020-10-05 13:35:12.615000,2020-10-05 13:37:07.942524,10.0,115327.524,115337.524,1.1782,1.17833,MM,OANDA DIVISION1,REAL,MT4,ZMQ,EURUSD
153,2020-10-05 13:35:12.715000,2020-10-05 13:35:12.725000,2020-10-05 13:37:07.975524,10.0,115250.524,115260.524,1.1782,1.17833,MM,OANDA DIVISION1,REAL,MT4,ZMQ,EURUSD
154,2020-10-05 13:35:12.821000,2020-10-05 13:35:12.831000,2020-10-05 13:37:08.008524,10.0,115177.524,115187.524,1.1782,1.17833,MM,OANDA DIVISION1,REAL,MT4,ZMQ,EURUSD
155,2020-10-05 13:35:12.930000,2020-10-05 13:35:12.940000,2020-10-05 13:37:08.041574,10.0,115101.574,115111.574,1.1782,1.17833,MM,OANDA DIVISION1,REAL,MT4,ZMQ,EURUSD
156,2020-10-05 13:35:13.041000,2020-10-05 13:35:13.051000,2020-10-05 13:37:08.074538,10.0,115023.538,115033.538,1.1782,1.17833,MM,OANDA DIVISION1,REAL,MT4,ZMQ,EURUSD
157,2020-10-05 13:35:13.129000,2020-10-05 13:35:13.139000,2020-10-05 13:37:08.108562,10.0,114969.562,114979.562,1.17819,1.17832,MM,OANDA DIVISION1,REAL,MT4,ZMQ,EURUSD
158,2020-10-05 13:35:13.161000,2020-10-05 13:35:13.171000,2020-10-05 13:37:08.141566,10.0,114970.566,114980.566,1.17819,1.17832,MM,OANDA DIVISION1,REAL,MT4,ZMQ,EURUSD
159,2020-10-05 13:35:13.172000,2020-10-05 13:35:13.182000,2020-10-05 13:37:08.175562,10.0,114993.562,115003.562,1.17818,1.17831,MM,OANDA DIVISION1,REAL,MT4,ZMQ,EURUSD
160,2020-10-05 13:35:13.274000,2020-10-05 13:35:13.284000,2020-10-05 13:37:08.209557,10.0,114925.557,114935.557,1.17818,1.17831,MM,OANDA DIVISION1,REAL,MT4,ZMQ,EURUSD
161,2020-10-05 13:35:13.369000,2020-10-05 13:35:13.379000,2020-10-05 13:37:08.244536,10.0,114865.536,114875.536,1.17818,1.17831,MM,OANDA DIVISION1,REAL,MT4,ZMQ,EURUSD
162,2020-10-05 13:35:13.481000,2020-10-05 13:35:13.491000,2020-10-05 13:37:08.278536,10.0,114787.536,114797.536,1.17819,1.17833,MM,OANDA DIVISION1,REAL,MT4,ZMQ,EURUSD
163,2020-10-05 13:35:13.490000,2020-10-05 13:35:13.500000,2020-10-05 13:37:08.312560,10.0,114812.56,114822.56,1.17819,1.17833,MM,OANDA DIVISION1,REAL,MT4,ZMQ,EURUSD
164,2020-10-05 13:35:13.587000,2020-10-05 13:35:13.597000,2020-10-05 13:37:08.346563,10.0,114749.563,114759.563,1.17819,1.17833,MM,OANDA DIVISION1,REAL,MT4,ZMQ,EURUSD
165,2020-10-05 13:35:13.697000,2020-10-05 13:35:13.707000,2020-10-05 13:37:08.379561,10.0,114672.561,114682.561,1.17819,1.17833,MM,OANDA DIVISION1,REAL,MT4,ZMQ,EURUSD
166,2020-10-05 13:35:13.806000,2020-10-05 13:35:13.816000,2020-10-05 13:37:08.412561,10.0,114596.561,114606.561,1.17819,1.17833,MM,OANDA DIVISION1,REAL,MT4,ZMQ,EURUSD
167,2020-10-05 13:35:13.920000,2020-10-05 13:35:13.930000,2020-10-05 13:37:08.446604,10.0,114516.604,114526.604,1.17819,1.17833,MM,OANDA DIVISION1,REAL,MT4,ZMQ,EURUSD
168,2020-10-05 13:35:14.044000,2020-10-05 13:35:14.054000,2020-10-05 13:37:08.479595,10.0,114425.595,114435.595,1.17819,1.17833,MM,OANDA DIVISION1,REAL,MT4,ZMQ,EURUSD
169,2020-10-05 13:35:14.137000,2020-10-05 13:35:14.147000,2020-10-05 13:37:08.513593,10.0,114366.593,114376.593,1.17819,1.17833,MM,OANDA DIVISION1,REAL,MT4,ZMQ,EURUSD
170,2020-10-05 13:35:14.244000,2020-10-05 13:35:14.254000,2020-10-05 13:37:08.549600,10.0,114295.6,114305.6,1.17819,1.17833,MM,OANDA DIVISION1,REAL,MT4,ZMQ,EURUSD
171,2020-10-05 13:35:14.355000,2020-10-05 13:35:14.365000,2020-10-05 13:37:08.582600,10.0,114217.6,114227.6,1.17819,1.17833,MM,OANDA DIVISION1,REAL,MT4,ZMQ,EURUSD
172,2020-10-05 13:35:14.465000,2020-10-05 13:35:14.475000,2020-10-05 13:37:08.616600,10.0,114141.6,114151.6,1.17819,1.17833,MM,OANDA DIVISION1,REAL,MT4,ZMQ,EURUSD
173,2020-10-05 13:35:14.573000,2020-10-05 13:35:14.583000,2020-10-05 13:37:08.650601,10.0,114067.601,114077.601,1.17819,1.17833,MM,OANDA DIVISION1,REAL,MT4,ZMQ,EURUSD
174,2020-10-05 13:35:14.677000,2020-10-05 13:35:14.687000,2020-10-05 13:37:08.684569,10.0,113997.569,114007.569,1.17816,1.1783,MM,OANDA DIVISION1,REAL,MT4,ZMQ,EURUSD
175,2020-10-05 13:35:14.689000,2020-10-05 13:35:14.699000,2020-10-05 13:37:08.717570,10.0,114018.57,114028.57,1.17816,1.1783,MM,OANDA DIVISION1,REAL,MT4,ZMQ,EURUSD
176,2020-10-05 13:35:14.780000,2020-10-05 13:35:14.790000,2020-10-05 13:37:08.750570,10.0,113960.57,113970.57,1.17815,1.17829,MM,OANDA DIVISION1,REAL,MT4,ZMQ,EURUSD
177,2020-10-05 13:35:14.790000,2020-10-05 13:35:14.800000,2020-10-05 13:37:08.784594,10.0,113984.594,113994.594,1.17815,1.17829,MM,OANDA DIVISION1,REAL,MT4,ZMQ,EURUSD
178,2020-10-05 13:35:14.935000,2020-10-05 13:35:14.945000,2020-10-05 13:37:08.817593,10.0,113872.593,113882.593,1.17815,1.17829,MM,OANDA DIVISION1,REAL,MT4,ZMQ,EURUSD
179,2020-10-05 13:35:15.043000,2020-10-05 13:35:15.053000,2020-10-05 13:37:08.850628,10.0,113797.628,113807.628,1.17816,1.1783,MM,OANDA DIVISION1,REAL,MT4,ZMQ,EURUSD
180,2020-10-05 13:35:15.056000,2020-10-05 13:35:15.066000,2020-10-05 13:37:08.883633,10.0,113817.633,113827.633,1.17816,1.1783,MM,OANDA DIVISION1,REAL,MT4,ZMQ,EURUSD
181,2020-10-05 13:35:15.118000,2020-10-05 13:35:15.128000,2020-10-05 13:37:08.917628,10.0,113789.628,113799.628,1.17816,1.1783,MM,OANDA DIVISION1,REAL,MT4,ZMQ,EURUSD
182,2020-10-05 13:35:15.166000,2020-10-05 13:35:15.176000,2020-10-05 13:37:08.950661,10.0,113774.661,113784.661,1.17815,1.17829,MM,OANDA DIVISION1,REAL,MT4,ZMQ,EURUSD
183,2020-10-05 13:35:15.227000,2020-10-05 13:35:15.237000,2020-10-05 13:37:08.983223,10.0,113746.223,113756.223,1.17815,1.17829,MM,OANDA DIVISION1,REAL,MT4,ZMQ,EURUSD
184,2020-10-05 13:35:15.340000,2020-10-05 13:35:15.350000,2020-10-05 13:37:09.017223,10.0,113667.223,113677.223,1.17815,1.17829,MM,OANDA DIVISION1,REAL,MT4,ZMQ,EURUSD
185,2020-10-05 13:35:15.448000,2020-10-05 13:35:15.458000,2020-10-05 13:37:09.050789,10.0,113592.789,113602.789,1.17815,1.17829,MM,OANDA DIVISION1,REAL,MT4,ZMQ,EURUSD
186,2020-10-05 13:35:15.510000,2020-10-05 13:35:15.520000,2020-10-05 13:37:09.083786,10.0,113563.786,113573.786,1.17814,1.17828,MM,OANDA DIVISION1,REAL,MT4,ZMQ,EURUSD
187,2020-10-05 13:35:15.557000,2020-10-05 13:35:15.567000,2020-10-05 13:37:09.116786,10.0,113549.786,113559.786,1.17814,1.17828,MM,OANDA DIVISION1,REAL,MT4,ZMQ,EURUSD
188,2020-10-05 13:35:15.665000,2020-10-05 13:35:15.675000,2020-10-05 13:37:09.150786,10.0,113475.786,113485.786,1.17814,1.17828,MM,OANDA DIVISION1,REAL,MT4,ZMQ,EURUSD
189,2020-10-05 13:35:15.674000,2020-10-05 13:35:15.684000,2020-10-05 13:37:09.184787,10.0,113500.787,113510.787,1.17815,1.17829,MM,OANDA DIVISION1,REAL,MT4,ZMQ,EURUSD
190,2020-10-05 13:35:15.775000,2020-10-05 13:35:15.785000,2020-10-05 13:37:09.217787,10.0,113432.787,113442.787,1.17815,1.17829,MM,OANDA DIVISION1,REAL,MT4,ZMQ,EURUSD
191,2020-10-05 13:35:15.885000,2020-10-05 13:35:15.895000,2020-10-05 13:37:09.250787,10.0,113355.787,113365.787,1.17815,1.17829,MM,OANDA DIVISION1,REAL,MT4,ZMQ,EURUSD
192,2020-10-05 13:35:15.992200,2020-10-05 13:35:16.002200,2020-10-05 13:37:09.284793,10.0,113282.593,113292.593,1.17815,1.17829,MM,OANDA DIVISION1,REAL,MT4,ZMQ,EURUSD
193,2020-10-05 13:35:16.103000,2020-10-05 13:35:16.113000,2020-10-05 13:37:09.317792,10.0,113204.792,113214.792,1.17815,1.17829,MM,OANDA DIVISION1,REAL,MT4,ZMQ,EURUSD
194,2020-10-05 13:35:16.211000,2020-10-05 13:35:16.221000,2020-10-05 13:37:09.351883,10.0,113130.883,113140.883,1.17815,1.17829,MM,OANDA DIVISION1,REAL,MT4,ZMQ,EURUSD
195,2020-10-05 13:35:16.313000,2020-10-05 13:35:16.323000,2020-10-05 13:37:09.384906,10.0,113061.906,113071.906,1.17814,1.17828,MM,OANDA DIVISION1,REAL,MT4,ZMQ,EURUSD
196,2020-10-05 13:35:16.334000,2020-10-05 13:35:16.344000,2020-10-05 13:37:09.417907,10.0,113073.907,113083.907,1.17814,1.17828,MM,OANDA DIVISION1,REAL,MT4,ZMQ,EURUSD
197,2020-10-05 13:35:16.422000,2020-10-05 13:35:16.432000,2020-10-05 13:37:09.450906,10.0,113018.906,113028.906,1.17814,1.17828,MM,OANDA DIVISION1,REAL,MT4,ZMQ,EURUSD
198,2020-10-05 13:35:16.442000,2020-10-05 13:35:16.452000,2020-10-05 13:37:09.483946,10.0,113031.946,113041.946,1.17814,1.17828,MM,OANDA DIVISION1,REAL,MT4,ZMQ,EURUSD
199,2020-10-05 13:35:16.545000,2020-10-05 13:35:16.555000,2020-10-05 13:37:09.517942,10.0,112962.942,112972.942,1.17814,1.17828,MM,OANDA DIVISION1,REAL,MT4,ZMQ,EURUSD
200,2020-10-05 13:35:16.651000,2020-10-05 13:35:16.661000,2020-10-05 13:37:09.556942,10.0,112895.942,112905.942,1.17814,1.17828,MM,OANDA DIVISION1,REAL,MT4,ZMQ,EURUSD
201,2020-10-05 13:35:16.771000,2020-10-05 13:35:16.781000,2020-10-05 13:37:09.589945,10.0,112808.945,112818.945,1.17814,1.17828,MM,OANDA DIVISION1,REAL,MT4,ZMQ,EURUSD
202,2020-10-05 13:35:16.868000,2020-10-05 13:35:16.878000,2020-10-05 13:37:09.623984,10.0,112745.984,112755.984,1.17814,1.17828,MM,OANDA DIVISION1,REAL,MT4,ZMQ,EURUSD
203,2020-10-05 13:35:16.981000,2020-10-05 13:35:16.991000,2020-10-05 13:37:09.657988,10.0,112666.988,112676.988,1.17814,1.17828,MM,OANDA DIVISION1,REAL,MT4,ZMQ,EURUSD
204,2020-10-05 13:35:17.060000,2020-10-05 13:35:17.070000,2020-10-05 13:37:09.692985,10.0,112622.985,112632.985,1.17816,1.17829,MM,OANDA DIVISION1,REAL,MT4,ZMQ,EURUSD
205,2020-10-05 13:35:17.087000,2020-10-05 13:35:17.097000,2020-10-05 13:37:09.726954,10.0,112629.954,112639.954,1.17816,1.17829,MM,OANDA DIVISION1,REAL,MT4,ZMQ,EURUSD
206,2020-10-05 13:35:17.169000,2020-10-05 13:35:17.179000,2020-10-05 13:37:09.760954,10.0,112581.954,112591.954,1.17816,1.17832,MM,OANDA DIVISION1,REAL,MT4,ZMQ,EURUSD
207,2020-10-05 13:35:17.196000,2020-10-05 13:35:17.206000,2020-10-05 13:37:09.794955,10.0,112588.955,112598.955,1.17816,1.17832,MM,OANDA DIVISION1,REAL,MT4,ZMQ,EURUSD
208,2020-10-05 13:35:17.306000,2020-10-05 13:35:17.316000,2020-10-05 13:37:09.827984,10.0,112511.984,112521.984,1.17816,1.17832,MM,OANDA DIVISION1,REAL,MT4,ZMQ,EURUSD
209,2020-10-05 13:35:17.416000,2020-10-05 13:35:17.426000,2020-10-05 13:37:09.860985,10.0,112434.985,112444.985,1.17816,1.17832,MM,OANDA DIVISION1,REAL,MT4,ZMQ,EURUSD
210,2020-10-05 13:35:17.531000,2020-10-05 13:35:17.541000,2020-10-05 13:37:09.894954,10.0,112353.954,112363.954,1.17816,1.17832,MM,OANDA DIVISION1,REAL,MT4,ZMQ,EURUSD
211,2020-10-05 13:35:17.534000,2020-10-05 13:35:17.544000,2020-10-05 13:37:09.927953,10.0,112383.953,112393.953,1.1782,1.17833,MM,OANDA DIVISION1,REAL,MT4,ZMQ,EURUSD
212,2020-10-05 13:35:17.561000,2020-10-05 13:35:17.571000,2020-10-05 13:37:09.960954,10.0,112389.954,112399.954,1.17818,1.17832,MM,OANDA DIVISION1,REAL,MT4,ZMQ,EURUSD
213,2020-10-05 13:35:17.638000,2020-10-05 13:35:17.648000,2020-10-05 13:37:09.994954,10.0,112346.954,112356.954,1.17818,1.17832,MM,OANDA DIVISION1,REAL,MT4,ZMQ,EURUSD
214,2020-10-05 13:35:17.743000,2020-10-05 13:35:17.753000,2020-10-05 13:37:10.027954,10.0,112274.954,112284.954,1.17818,1.17832,MM,OANDA DIVISION1,REAL,MT4,ZMQ,EURUSD
215,2020-10-05 13:35:17.810000,2020-10-05 13:35:17.820000,2020-10-05 13:37:10.061954,10.0,112241.954,112251.954,1.17817,1.1783,MM,OANDA DIVISION1,REAL,MT4,ZMQ,EURUSD
216,2020-10-05 13:35:17.852000,2020-10-05 13:35:17.862000,2020-10-05 13:37:10.096953,10.0,112234.953,112244.953,1.17817,1.1783,MM,OANDA DIVISION1,REAL,MT4,ZMQ,EURUSD
217,2020-10-05 13:35:17.964000,2020-10-05 13:35:17.974000,2020-10-05 13:37:10.130980,10.0,112156.98,112166.98,1.17817,1.1783,MM,OANDA DIVISION1,REAL,MT4,ZMQ,EURUSD
218,2020-10-05 13:35:18.071000,2020-10-05 13:35:18.081000,2020-10-05 13:37:10.165981,10.0,112084.981,112094.981,1.17817,1.1783,MM,OANDA DIVISION1,REAL,MT4,ZMQ,EURUSD
219,2020-10-05 13:35:18.184000,2020-10-05 13:35:18.194000,2020-10-05 13:37:10.198979,10.0,112004.979,112014.979,1.17817,1.1783,MM,OANDA DIVISION1,REAL,MT4,ZMQ,EURUSD
220,2020-10-05 13:35:18.290000,2020-10-05 13:35:18.300000,2020-10-05 13:37:10.232954,10.0,111932.954,111942.954,1.17817,1.1783,MM,OANDA DIVISION1,REAL,MT4,ZMQ,EURUSD
221,2020-10-05 13:35:18.399000,2020-10-05 13:35:18.409000,2020-10-05 13:37:10.266979,10.0,111857.979,111867.979,1.17817,1.1783,MM,OANDA DIVISION1,REAL,MT4,ZMQ,EURUSD
222,2020-10-05 13:35:18.525000,2020-10-05 13:35:18.535000,2020-10-05 13:37:10.300954,10.0,111765.954,111775.954,1.17817,1.1783,MM,OANDA DIVISION1,REAL,MT4,ZMQ,EURUSD
223,2020-10-05 13:35:18.618000,2020-10-05 13:35:18.628000,2020-10-05 13:37:10.333954,10.0,111705.954,111715.954,1.17817,1.1783,MM,OANDA DIVISION1,REAL,MT4,ZMQ,EURUSD
224,2020-10-05 13:35:18.728000,2020-10-05 13:35:18.738000,2020-10-05 13:37:10.367955,10.0,111629.955,111639.955,1.17817,1.1783,MM,OANDA DIVISION1,REAL,MT4,ZMQ,EURUSD
225,2020-10-05 13:35:18.837000,2020-10-05 13:35:18.847000,2020-10-05 13:37:10.399979,10.0,111552.979,111562.979,1.17817,1.1783,MM,OANDA DIVISION1,REAL,MT4,ZMQ,EURUSD
226,2020-10-05 13:35:18.947000,2020-10-05 13:35:18.957000,2020-10-05 13:37:10.433979,10.0,111476.979,111486.979,1.17817,1.1783,MM,OANDA DIVISION1,REAL,MT4,ZMQ,EURUSD
227,2020-10-05 13:35:18.986000,2020-10-05 13:35:18.996000,2020-10-05 13:37:10.466983,10.0,111470.983,111480.983,1.17815,1.17828,MM,OANDA DIVISION1,REAL,MT4,ZMQ,EURUSD
228,2020-10-05 13:35:19.059000,2020-10-05 13:35:19.069000,2020-10-05 13:37:10.499955,10.0,111430.955,111440.955,1.17815,1.17828,MM,OANDA DIVISION1,REAL,MT4,ZMQ,EURUSD
229,2020-10-05 13:35:19.117000,2020-10-05 13:35:19.127000,2020-10-05 13:37:10.533979,10.0,111406.979,111416.979,1.17813,1.17827,MM,OANDA DIVISION1,REAL,MT4,ZMQ,EURUSD
230,2020-10-05 13:35:19.170000,2020-10-05 13:35:19.180000,2020-10-05 13:37:10.568979,10.0,111388.979,111398.979,1.17813,1.17827,MM,OANDA DIVISION1,REAL,MT4,ZMQ,EURUSD
231,2020-10-05 13:35:19.278000,2020-10-05 13:35:19.288000,2020-10-05 13:37:10.601984,10.0,111313.984,111323.984,1.17813,1.17827,MM,OANDA DIVISION1,REAL,MT4,ZMQ,EURUSD
232,2020-10-05 13:35:19.386000,2020-10-05 13:35:19.396000,2020-10-05 13:37:10.635980,10.0,111239.98,111249.98,1.17813,1.17827,MM,OANDA DIVISION1,REAL,MT4,ZMQ,EURUSD
233,2020-10-05 13:35:19.493000,2020-10-05 13:35:19.503000,2020-10-05 13:37:10.669987,10.0,111166.987,111176.987,1.17813,1.17827,MM,OANDA DIVISION1,REAL,MT4,ZMQ,EURUSD
234,2020-10-05 13:35:19.602000,2020-10-05 13:35:19.612000,2020-10-05 13:37:10.702984,10.0,111090.984,111100.984,1.17813,1.17827,MM,OANDA DIVISION1,REAL,MT4,ZMQ,EURUSD
235,2020-10-05 13:35:19.713000,2020-10-05 13:35:19.723000,2020-10-05 13:37:10.736954,10.0,111013.954,111023.954,1.17813,1.17827,MM,OANDA DIVISION1,REAL,MT4,ZMQ,EURUSD
236,2020-10-05 13:35:19.822000,2020-10-05 13:35:19.832000,2020-10-05 13:37:10.770955,10.0,110938.955,110948.955,1.17813,1.17827,MM,OANDA DIVISION1,REAL,MT4,ZMQ,EURUSD
237,2020-10-05 13:35:19.873000,2020-10-05 13:35:19.883000,2020-10-05 13:37:10.804984,10.0,110921.984,110931.984,1.17815,1.17827,MM,OANDA DIVISION1,REAL,MT4,ZMQ,EURUSD
238,2020-10-05 13:35:19.930000,2020-10-05 13:35:19.940000,2020-10-05 13:37:10.838979,10.0,110898.979,110908.979,1.17815,1.17827,MM,OANDA DIVISION1,REAL,MT4,ZMQ,EURUSD
239,2020-10-05 13:35:20.005000,2020-10-05 13:35:20.015000,2020-10-05 13:37:10.871984,10.0,110856.984,110866.984,1.17816,1.17832,MM,OANDA DIVISION1,REAL,MT4,ZMQ,EURUSD
240,2020-10-05 13:35:20.044000,2020-10-05 13:35:20.054000,2020-10-05 13:37:10.904984,10.0,110850.984,110860.984,1.17816,1.17832,MM,OANDA DIVISION1,REAL,MT4,ZMQ,EURUSD
241,2020-10-05 13:35:20.150000,2020-10-05 13:35:20.160000,2020-10-05 13:37:10.937984,10.0,110777.984,110787.984,1.17816,1.17832,MM,OANDA DIVISION1,REAL,MT4,ZMQ,EURUSD
242,2020-10-05 13:35:20.169000,2020-10-05 13:35:20.179000,2020-10-05 13:37:10.970988,10.0,110791.988,110801.988,1.17819,1.17833,MM,OANDA DIVISION1,REAL,MT4,ZMQ,EURUSD
243,2020-10-05 13:35:20.269000,2020-10-05 13:35:20.279000,2020-10-05 13:37:11.003984,10.0,110724.984,110734.984,1.17819,1.17833,MM,OANDA DIVISION1,REAL,MT4,ZMQ,EURUSD
244,2020-10-05 13:35:20.369000,2020-10-05 13:35:20.379000,2020-10-05 13:37:11.037960,10.0,110658.96,110668.96,1.17819,1.17833,MM,OANDA DIVISION1,REAL,MT4,ZMQ,EURUSD
245,2020-10-05 13:35:20.478000,2020-10-05 13:35:20.488000,2020-10-05 13:37:11.070986,10.0,110582.986,110592.986,1.17819,1.17833,MM,OANDA DIVISION1,REAL,MT4,ZMQ,EURUSD
246,2020-10-05 13:35:20.587000,2020-10-05 13:35:20.597000,2020-10-05 13:37:11.103985,10.0,110506.985,110516.985,1.17819,1.17833,MM,OANDA DIVISION1,REAL,MT4,ZMQ,EURUSD
247,2020-10-05 13:35:20.593000,2020-10-05 13:35:20.603000,2020-10-05 13:37:11.136954,10.0,110533.954,110543.954,1.17817,1.17832,MM,OANDA DIVISION1,REAL,MT4,ZMQ,EURUSD
248,2020-10-05 13:35:20.656000,2020-10-05 13:35:20.666000,2020-10-05 13:37:11.169988,10.0,110503.988,110513.988,1.17815,1.17829,MM,OANDA DIVISION1,REAL,MT4,ZMQ,EURUSD
249,2020-10-05 13:35:20.700000,2020-10-05 13:35:20.710000,2020-10-05 13:37:11.202980,10.0,110492.98,110502.98,1.17815,1.17829,MM,OANDA DIVISION1,REAL,MT4,ZMQ,EURUSD
250,2020-10-05 13:35:20.806000,2020-10-05 13:35:20.816000,2020-10-05 13:37:11.235953,10.0,110419.953,110429.953,1.17815,1.17829,MM,OANDA DIVISION1,REAL,MT4,ZMQ,EURUSD
251,2020-10-05 13:35:20.915000,2020-10-05 13:35:20.925000,2020-10-05 13:37:11.269955,10.0,110344.955,110354.955,1.17815,1.17829,MM,OANDA DIVISION1,REAL,MT4,ZMQ,EURUSD
252,2020-10-05 13:35:20.925000,2020-10-05 13:35:20.935000,2020-10-05 13:37:11.302980,10.0,110367.98,110377.98,1.17817,1.1783,MM,OANDA DIVISION1,REAL,MT4,ZMQ,EURUSD
253,2020-10-05 13:35:21.025000,2020-10-05 13:35:21.035000,2020-10-05 13:37:11.336984,10.0,110301.984,110311.984,1.17817,1.1783,MM,OANDA DIVISION1,REAL,MT4,ZMQ,EURUSD
254,2020-10-05 13:35:21.134000,2020-10-05 13:35:21.144000,2020-10-05 13:37:11.369956,10.0,110225.956,110235.956,1.17817,1.1783,MM,OANDA DIVISION1,REAL,MT4,ZMQ,EURUSD
255,2020-10-05 13:35:21.244000,2020-10-05 13:35:21.254000,2020-10-05 13:37:11.402955,10.0,110148.955,110158.955,1.17817,1.1783,MM,OANDA DIVISION1,REAL,MT4,ZMQ,EURUSD
256,2020-10-05 13:35:21.283000,2020-10-05 13:35:21.293000,2020-10-05 13:37:11.436984,10.0,110143.984,110153.984,1.17818,1.17832,MM,OANDA DIVISION1,REAL,MT4,ZMQ,EURUSD
257,2020-10-05 13:35:21.355000,2020-10-05 13:35:21.365000,2020-10-05 13:37:11.469986,10.0,110104.986,110114.986,1.17818,1.17832,MM,OANDA DIVISION1,REAL,MT4,ZMQ,EURUSD
258,2020-10-05 13:35:21.405000,2020-10-05 13:35:21.415000,2020-10-05 13:37:11.502985,10.0,110087.985,110097.985,1.17814,1.17828,MM,OANDA DIVISION1,REAL,MT4,ZMQ,EURUSD
259,2020-10-05 13:35:21.464000,2020-10-05 13:35:21.474000,2020-10-05 13:37:11.535986,10.0,110061.986,110071.986,1.17814,1.17828,MM,OANDA DIVISION1,REAL,MT4,ZMQ,EURUSD
260,2020-10-05 13:35:21.571000,2020-10-05 13:35:21.581000,2020-10-05 13:37:11.568985,10.0,109987.985,109997.985,1.17814,1.17828,MM,OANDA DIVISION1,REAL,MT4,ZMQ,EURUSD
261,2020-10-05 13:35:21.661000,2020-10-05 13:35:21.671000,2020-10-05 13:37:11.601954,10.0,109930.954,109940.954,1.17811,1.17824,MM,OANDA DIVISION1,REAL,MT4,ZMQ,EURUSD
262,2020-10-05 13:35:21.684000,2020-10-05 13:35:21.694000,2020-10-05 13:37:11.635954,10.0,109941.954,109951.954,1.17811,1.17824,MM,OANDA DIVISION1,REAL,MT4,ZMQ,EURUSD
263,2020-10-05 13:35:21.776000,2020-10-05 13:35:21.786000,2020-10-05 13:37:11.669954,10.0,109883.954,109893.954,1.17812,1.17825,MM,OANDA DIVISION1,REAL,MT4,ZMQ,EURUSD
264,2020-10-05 13:35:21.794000,2020-10-05 13:35:21.804000,2020-10-05 13:37:11.702988,10.0,109898.988,109908.988,1.17812,1.17825,MM,OANDA DIVISION1,REAL,MT4,ZMQ,EURUSD
265,2020-10-05 13:35:21.900000,2020-10-05 13:35:21.910000,2020-10-05 13:37:11.736983,10.0,109826.983,109836.983,1.17812,1.17825,MM,OANDA DIVISION1,REAL,MT4,ZMQ,EURUSD
266,2020-10-05 13:35:21.961000,2020-10-05 13:35:21.971000,2020-10-05 13:37:11.768986,10.0,109797.986,109807.986,1.1781,1.17824,MM,OANDA DIVISION1,REAL,MT4,ZMQ,EURUSD
267,2020-10-05 13:35:22.021000,2020-10-05 13:35:22.031000,2020-10-05 13:37:11.801984,10.0,109770.984,109780.984,1.1781,1.17824,MM,OANDA DIVISION1,REAL,MT4,ZMQ,EURUSD
268,2020-10-05 13:35:22.122000,2020-10-05 13:35:22.132000,2020-10-05 13:37:11.835954,10.0,109703.954,109713.954,1.1781,1.17824,MM,OANDA DIVISION1,REAL,MT4,ZMQ,EURUSD
269,2020-10-05 13:35:22.228000,2020-10-05 13:35:22.238000,2020-10-05 13:37:11.868985,10.0,109630.985,109640.985,1.1781,1.17824,MM,OANDA DIVISION1,REAL,MT4,ZMQ,EURUSD
270,2020-10-05 13:35:22.272000,2020-10-05 13:35:22.282000,2020-10-05 13:37:11.902955,10.0,109620.955,109630.955,1.17812,1.17824,MM,OANDA DIVISION1,REAL,MT4,ZMQ,EURUSD
271,2020-10-05 13:35:22.336000,2020-10-05 13:35:22.346000,2020-10-05 13:37:11.936984,10.0,109590.984,109600.984,1.17812,1.17824,MM,OANDA DIVISION1,REAL,MT4,ZMQ,EURUSD
272,2020-10-05 13:35:22.450000,2020-10-05 13:35:22.460000,2020-10-05 13:37:11.969988,10.0,109509.988,109519.988,1.17812,1.17824,MM,OANDA DIVISION1,REAL,MT4,ZMQ,EURUSD
273,2020-10-05 13:35:22.537000,2020-10-05 13:35:22.547000,2020-10-05 13:37:12.002985,10.0,109455.985,109465.985,1.1781,1.17824,MM,OANDA DIVISION1,REAL,MT4,ZMQ,EURUSD
274,2020-10-05 13:35:22.556000,2020-10-05 13:35:22.566000,2020-10-05 13:37:12.035984,10.0,109469.984,109479.984,1.1781,1.17824,MM,OANDA DIVISION1,REAL,MT4,ZMQ,EURUSD
275,2020-10-05 13:35:22.666000,2020-10-05 13:35:22.676000,2020-10-05 13:37:12.069956,10.0,109393.956,109403.956,1.1781,1.17824,MM,OANDA DIVISION1,REAL,MT4,ZMQ,EURUSD
276,2020-10-05 13:35:22.778000,2020-10-05 13:35:22.788000,2020-10-05 13:37:12.101986,10.0,109313.986,109323.986,1.1781,1.17824,MM,OANDA DIVISION1,REAL,MT4,ZMQ,EURUSD
277,2020-10-05 13:35:22.887000,2020-10-05 13:35:22.897000,2020-10-05 13:37:12.135984,10.0,109238.984,109248.984,1.1781,1.17824,MM,OANDA DIVISION1,REAL,MT4,ZMQ,EURUSD
278,2020-10-05 13:35:22.992200,2020-10-05 13:35:23.002200,2020-10-05 13:37:12.168980,10.0,109166.78,109176.78,1.1781,1.17824,MM,OANDA DIVISION1,REAL,MT4,ZMQ,EURUSD
279,2020-10-05 13:35:23.103000,2020-10-05 13:35:23.113000,2020-10-05 13:37:12.201984,10.0,109088.984,109098.984,1.1781,1.17824,MM,OANDA DIVISION1,REAL,MT4,ZMQ,EURUSD
280,2020-10-05 13:35:23.175000,2020-10-05 13:35:23.185000,2020-10-05 13:37:12.234984,10.0,109049.984,109059.984,1.17809,1.17822,MM,OANDA DIVISION1,REAL,MT4,ZMQ,EURUSD
281,2020-10-05 13:35:23.214000,2020-10-05 13:35:23.224000,2020-10-05 13:37:12.266985,10.0,109042.985,109052.985,1.17809,1.17822,MM,OANDA DIVISION1,REAL,MT4,ZMQ,EURUSD
282,2020-10-05 13:35:23.321000,2020-10-05 13:35:23.331000,2020-10-05 13:37:12.299956,10.0,108968.956,108978.956,1.17809,1.17822,MM,OANDA DIVISION1,REAL,MT4,ZMQ,EURUSD
283,2020-10-05 13:35:23.414000,2020-10-05 13:35:23.424000,2020-10-05 13:37:12.333985,10.0,108909.985,108919.985,1.17807,1.1782,MM,OANDA DIVISION1,REAL,MT4,ZMQ,EURUSD
284,2020-10-05 13:35:23.433000,2020-10-05 13:35:23.443000,2020-10-05 13:37:12.366985,10.0,108923.985,108933.985,1.17807,1.1782,MM,OANDA DIVISION1,REAL,MT4,ZMQ,EURUSD
285,2020-10-05 13:35:23.542000,2020-10-05 13:35:23.552000,2020-10-05 13:37:12.399985,10.0,108847.985,108857.985,1.17807,1.1782,MM,OANDA DIVISION1,REAL,MT4,ZMQ,EURUSD
286,2020-10-05 13:35:23.650000,2020-10-05 13:35:23.660000,2020-10-05 13:37:12.432987,10.0,108772.987,108782.987,1.17807,1.1782,MM,OANDA DIVISION1,REAL,MT4,ZMQ,EURUSD
287,2020-10-05 13:35:23.674000,2020-10-05 13:35:23.684000,2020-10-05 13:37:12.466984,10.0,108782.984,108792.984,1.17807,1.1782,MM,OANDA DIVISION1,REAL,MT4,ZMQ,EURUSD
288,2020-10-05 13:35:23.774000,2020-10-05 13:35:23.784000,2020-10-05 13:37:12.499984,10.0,108715.984,108725.984,1.17807,1.1782,MM,OANDA DIVISION1,REAL,MT4,ZMQ,EURUSD
289,2020-10-05 13:35:23.781000,2020-10-05 13:35:23.791000,2020-10-05 13:37:12.532955,10.0,108741.955,108751.955,1.17808,1.17821,MM,OANDA DIVISION1,REAL,MT4,ZMQ,EURUSD
290,2020-10-05 13:35:23.867000,2020-10-05 13:35:23.877000,2020-10-05 13:37:12.566986,10.0,108689.986,108699.986,1.17808,1.17821,MM,OANDA DIVISION1,REAL,MT4,ZMQ,EURUSD
291,2020-10-05 13:35:23.979000,2020-10-05 13:35:23.989000,2020-10-05 13:37:12.600980,10.0,108611.98,108621.98,1.17808,1.17821,MM,OANDA DIVISION1,REAL,MT4,ZMQ,EURUSD
292,2020-10-05 13:35:24.088000,2020-10-05 13:35:24.098000,2020-10-05 13:37:12.633984,10.0,108535.984,108545.984,1.17808,1.17821,MM,OANDA DIVISION1,REAL,MT4,ZMQ,EURUSD
293,2020-10-05 13:35:24.192000,2020-10-05 13:35:24.202000,2020-10-05 13:37:12.666984,10.0,108464.984,108474.984,1.17807,1.1782,MM,OANDA DIVISION1,REAL,MT4,ZMQ,EURUSD
294,2020-10-05 13:35:24.202000,2020-10-05 13:35:24.212000,2020-10-05 13:37:12.700982,10.0,108488.982,108498.982,1.17807,1.1782,MM,OANDA DIVISION1,REAL,MT4,ZMQ,EURUSD
295,2020-10-05 13:35:24.307000,2020-10-05 13:35:24.317000,2020-10-05 13:37:12.735981,10.0,108418.981,108428.981,1.17807,1.1782,MM,OANDA DIVISION1,REAL,MT4,ZMQ,EURUSD
296,2020-10-05 13:35:24.416000,2020-10-05 13:35:24.426000,2020-10-05 13:37:12.770984,10.0,108344.984,108354.984,1.17807,1.1782,MM,OANDA DIVISION1,REAL,MT4,ZMQ,EURUSD
297,2020-10-05 13:35:24.432000,2020-10-05 13:35:24.442000,2020-10-05 13:37:12.805979,10.0,108363.979,108373.979,1.17806,1.17818,MM,OANDA DIVISION1,REAL,MT4,ZMQ,EURUSD
298,2020-10-05 13:35:24.526000,2020-10-05 13:35:24.536000,2020-10-05 13:37:12.838953,10.0,108302.953,108312.953,1.17806,1.17818,MM,OANDA DIVISION1,REAL,MT4,ZMQ,EURUSD
299,2020-10-05 13:35:24.635000,2020-10-05 13:35:24.645000,2020-10-05 13:37:12.873955,10.0,108228.955,108238.955,1.17806,1.17818,MM,OANDA DIVISION1,REAL,MT4,ZMQ,EURUSD
300,2020-10-05 13:35:24.744000,2020-10-05 13:35:24.754000,2020-10-05 13:37:12.914952,10.0,108160.952,108170.952,1.17806,1.17818,MM,OANDA DIVISION1,REAL,MT4,ZMQ,EURUSD
301,2020-10-05 13:35:24.782000,2020-10-05 13:35:24.792000,2020-10-05 13:37:12.947984,10.0,108155.984,108165.984,1.17804,1.17817,MM,OANDA DIVISION1,REAL,MT4,ZMQ,EURUSD
302,2020-10-05 13:35:24.852000,2020-10-05 13:35:24.862000,2020-10-05 13:37:12.981984,10.0,108119.984,108129.984,1.17804,1.17817,MM,OANDA DIVISION1,REAL,MT4,ZMQ,EURUSD
303,2020-10-05 13:35:24.963000,2020-10-05 13:35:24.973000,2020-10-05 13:37:13.015984,10.0,108042.984,108052.984,1.17804,1.17817,MM,OANDA DIVISION1,REAL,MT4,ZMQ,EURUSD
304,2020-10-05 13:35:25.073000,2020-10-05 13:35:25.083000,2020-10-05 13:37:13.049954,10.0,107966.954,107976.954,1.17804,1.17817,MM,OANDA DIVISION1,REAL,MT4,ZMQ,EURUSD
305,2020-10-05 13:35:25.186000,2020-10-05 13:35:25.196000,2020-10-05 13:37:13.083953,10.0,107887.953,107897.953,1.17804,1.17817,MM,OANDA DIVISION1,REAL,MT4,ZMQ,EURUSD
306,2020-10-05 13:35:25.294000,2020-10-05 13:35:25.304000,2020-10-05 13:37:13.116954,10.0,107812.954,107822.954,1.17804,1.17817,MM,OANDA DIVISION1,REAL,MT4,ZMQ,EURUSD
307,2020-10-05 13:35:25.399000,2020-10-05 13:35:25.409000,2020-10-05 13:37:13.149980,10.0,107740.98,107750.98,1.17804,1.17817,MM,OANDA DIVISION1,REAL,MT4,ZMQ,EURUSD
308,2020-10-05 13:35:25.533000,2020-10-05 13:35:25.543000,2020-10-05 13:37:13.182955,10.0,107639.955,107649.955,1.17804,1.17817,MM,OANDA DIVISION1,REAL,MT4,ZMQ,EURUSD
309,2020-10-05 13:35:25.577000,2020-10-05 13:35:25.587000,2020-10-05 13:37:13.215979,10.0,107628.979,107638.979,1.17805,1.17818,MM,OANDA DIVISION1,REAL,MT4,ZMQ,EURUSD
310,2020-10-05 13:35:25.622000,2020-10-05 13:35:25.632000,2020-10-05 13:37:13.249989,10.0,107617.989,107627.989,1.17805,1.17818,MM,OANDA DIVISION1,REAL,MT4,ZMQ,EURUSD
311,2020-10-05 13:35:25.625000,2020-10-05 13:35:25.635000,2020-10-05 13:37:13.282987,10.0,107647.987,107657.987,1.17806,1.1782,MM,OANDA DIVISION1,REAL,MT4,ZMQ,EURUSD
312,2020-10-05 13:35:25.727000,2020-10-05 13:35:25.737000,2020-10-05 13:37:13.316984,10.0,107579.984,107589.984,1.17806,1.1782,MM,OANDA DIVISION1,REAL,MT4,ZMQ,EURUSD
313,2020-10-05 13:35:25.841000,2020-10-05 13:35:25.851000,2020-10-05 13:37:13.350987,10.0,107499.987,107509.987,1.17806,1.1782,MM,OANDA DIVISION1,REAL,MT4,ZMQ,EURUSD
314,2020-10-05 13:35:25.953000,2020-10-05 13:35:25.963000,2020-10-05 13:37:13.383985,10.0,107420.985,107430.985,1.17806,1.1782,MM,OANDA DIVISION1,REAL,MT4,ZMQ,EURUSD
315,2020-10-05 13:35:25.984000,2020-10-05 13:35:25.994000,2020-10-05 13:37:13.416984,10.0,107422.984,107432.984,1.17809,1.17821,MM,OANDA DIVISION1,REAL,MT4,ZMQ,EURUSD
316,2020-10-05 13:35:26.058000,2020-10-05 13:35:26.068000,2020-10-05 13:37:13.449985,10.0,107381.985,107391.985,1.17809,1.17821,MM,OANDA DIVISION1,REAL,MT4,ZMQ,EURUSD
317,2020-10-05 13:35:26.168000,2020-10-05 13:35:26.178000,2020-10-05 13:37:13.483988,10.0,107305.988,107315.988,1.17809,1.17821,MM,OANDA DIVISION1,REAL,MT4,ZMQ,EURUSD
318,2020-10-05 13:35:26.290000,2020-10-05 13:35:26.300000,2020-10-05 13:37:13.516987,10.0,107216.987,107226.987,1.17809,1.17821,MM,OANDA DIVISION1,REAL,MT4,ZMQ,EURUSD
319,2020-10-05 13:35:26.383000,2020-10-05 13:35:26.393000,2020-10-05 13:37:13.550955,10.0,107157.955,107167.955,1.17809,1.17821,MM,OANDA DIVISION1,REAL,MT4,ZMQ,EURUSD
320,2020-10-05 13:35:26.496000,2020-10-05 13:35:26.506000,2020-10-05 13:37:13.583982,10.0,107077.982,107087.982,1.17809,1.17821,MM,OANDA DIVISION1,REAL,MT4,ZMQ,EURUSD
321,2020-10-05 13:35:26.604000,2020-10-05 13:35:26.614000,2020-10-05 13:37:13.617989,10.0,107003.989,107013.989,1.17809,1.17821,MM,OANDA DIVISION1,REAL,MT4,ZMQ,EURUSD
322,2020-10-05 13:35:26.717000,2020-10-05 13:35:26.727000,2020-10-05 13:37:13.652955,10.0,106925.955,106935.955,1.17809,1.17821,MM,OANDA DIVISION1,REAL,MT4,ZMQ,EURUSD
323,2020-10-05 13:35:26.822000,2020-10-05 13:35:26.832000,2020-10-05 13:37:13.686954,10.0,106854.954,106864.954,1.17809,1.17821,MM,OANDA DIVISION1,REAL,MT4,ZMQ,EURUSD
324,2020-10-05 13:35:26.931000,2020-10-05 13:35:26.941000,2020-10-05 13:37:13.720953,10.0,106779.953,106789.953,1.17809,1.17821,MM,OANDA DIVISION1,REAL,MT4,ZMQ,EURUSD
325,2020-10-05 13:35:26.958000,2020-10-05 13:35:26.968000,2020-10-05 13:37:13.755953,10.0,106787.953,106797.953,1.17808,1.1782,MM,OANDA DIVISION1,REAL,MT4,ZMQ,EURUSD
326,2020-10-05 13:35:26.978000,2020-10-05 13:35:26.988000,2020-10-05 13:37:13.789954,10.0,106801.954,106811.954,1.17807,1.17819,MM,OANDA DIVISION1,REAL,MT4,ZMQ,EURUSD
327,2020-10-05 13:35:27.040000,2020-10-05 13:35:27.050000,2020-10-05 13:37:13.824953,10.0,106774.953,106784.953,1.17807,1.17819,MM,OANDA DIVISION1,REAL,MT4,ZMQ,EURUSD
328,2020-10-05 13:35:27.150000,2020-10-05 13:35:27.160000,2020-10-05 13:37:13.858953,10.0,106698.953,106708.953,1.17807,1.17819,MM,OANDA DIVISION1,REAL,MT4,ZMQ,EURUSD
329,2020-10-05 13:35:27.267000,2020-10-05 13:35:27.277000,2020-10-05 13:37:13.893954,10.0,106616.954,106626.954,1.17807,1.17819,MM,OANDA DIVISION1,REAL,MT4,ZMQ,EURUSD
330,2020-10-05 13:35:27.369000,2020-10-05 13:35:27.379000,2020-10-05 13:37:13.929954,10.0,106550.954,106560.954,1.17807,1.17819,MM,OANDA DIVISION1,REAL,MT4,ZMQ,EURUSD
331,2020-10-05 13:35:27.438000,2020-10-05 13:35:27.448000,2020-10-05 13:37:13.964953,10.0,106516.953,106526.953,1.17808,1.1782,MM,OANDA DIVISION1,REAL,MT4,ZMQ,EURUSD
332,2020-10-05 13:35:27.477000,2020-10-05 13:35:27.487000,2020-10-05 13:37:13.998953,10.0,106511.953,106521.953,1.17808,1.1782,MM,OANDA DIVISION1,REAL,MT4,ZMQ,EURUSD
333,2020-10-05 13:35:27.497000,2020-10-05 13:35:27.507000,2020-10-05 13:37:14.033954,10.0,106526.954,106536.954,1.17807,1.17819,MM,OANDA DIVISION1,REAL,MT4,ZMQ,EURUSD
334,2020-10-05 13:35:27.592000,2020-10-05 13:35:27.602000,2020-10-05 13:37:14.066979,10.0,106464.979,106474.979,1.17807,1.17819,MM,OANDA DIVISION1,REAL,MT4,ZMQ,EURUSD
335,2020-10-05 13:35:27.699000,2020-10-05 13:35:27.709000,2020-10-05 13:37:14.100956,10.0,106391.956,106401.956,1.17807,1.17819,MM,OANDA DIVISION1,REAL,MT4,ZMQ,EURUSD
336,2020-10-05 13:35:27.806000,2020-10-05 13:35:27.816000,2020-10-05 13:37:14.135954,10.0,106319.954,106329.954,1.17807,1.17819,MM,OANDA DIVISION1,REAL,MT4,ZMQ,EURUSD
337,2020-10-05 13:35:27.876000,2020-10-05 13:35:27.886000,2020-10-05 13:37:14.169954,10.0,106283.954,106293.954,1.17805,1.17818,MM,OANDA DIVISION1,REAL,MT4,ZMQ,EURUSD
338,2020-10-05 13:35:27.916000,2020-10-05 13:35:27.926000,2020-10-05 13:37:14.203978,10.0,106277.978,106287.978,1.17805,1.17818,MM,OANDA DIVISION1,REAL,MT4,ZMQ,EURUSD
339,2020-10-05 13:35:28.032000,2020-10-05 13:35:28.042000,2020-10-05 13:37:14.237954,10.0,106195.954,106205.954,1.17805,1.17818,MM,OANDA DIVISION1,REAL,MT4,ZMQ,EURUSD
340,2020-10-05 13:35:28.138000,2020-10-05 13:35:28.148000,2020-10-05 13:37:14.271978,10.0,106123.978,106133.978,1.17805,1.17818,MM,OANDA DIVISION1,REAL,MT4,ZMQ,EURUSD
341,2020-10-05 13:35:28.247000,2020-10-05 13:35:28.257000,2020-10-05 13:37:14.305979,10.0,106048.979,106058.979,1.17805,1.17818,MM,OANDA DIVISION1,REAL,MT4,ZMQ,EURUSD
342,2020-10-05 13:35:28.353000,2020-10-05 13:35:28.363000,2020-10-05 13:37:14.338955,10.0,105975.955,105985.955,1.17805,1.17818,MM,OANDA DIVISION1,REAL,MT4,ZMQ,EURUSD
343,2020-10-05 13:35:28.459000,2020-10-05 13:35:28.469000,2020-10-05 13:37:14.372979,10.0,105903.979,105913.979,1.17806,1.1782,MM,OANDA DIVISION1,REAL,MT4,ZMQ,EURUSD
344,2020-10-05 13:35:28.470000,2020-10-05 13:35:28.480000,2020-10-05 13:37:14.405979,10.0,105925.979,105935.979,1.17806,1.1782,MM,OANDA DIVISION1,REAL,MT4,ZMQ,EURUSD
345,2020-10-05 13:35:28.571000,2020-10-05 13:35:28.581000,2020-10-05 13:37:14.438980,10.0,105857.98,105867.98,1.17806,1.1782,MM,OANDA DIVISION1,REAL,MT4,ZMQ,EURUSD
346,2020-10-05 13:35:28.623000,2020-10-05 13:35:28.633000,2020-10-05 13:37:14.472980,10.0,105839.98,105849.98,1.17807,1.17822,MM,OANDA DIVISION1,REAL,MT4,ZMQ,EURUSD
347,2020-10-05 13:35:28.684000,2020-10-05 13:35:28.694000,2020-10-05 13:37:14.505979,10.0,105811.979,105821.979,1.17807,1.17822,MM,OANDA DIVISION1,REAL,MT4,ZMQ,EURUSD
348,2020-10-05 13:35:28.790000,2020-10-05 13:35:28.800000,2020-10-05 13:37:14.538978,10.0,105738.978,105748.978,1.17807,1.17822,MM,OANDA DIVISION1,REAL,MT4,ZMQ,EURUSD
349,2020-10-05 13:35:28.900000,2020-10-05 13:35:28.910000,2020-10-05 13:37:14.573979,10.0,105663.979,105673.979,1.17807,1.17822,MM,OANDA DIVISION1,REAL,MT4,ZMQ,EURUSD
350,2020-10-05 13:35:29.034000,2020-10-05 13:35:29.044000,2020-10-05 13:37:14.606979,10.0,105562.979,105572.979,1.17807,1.17822,MM,OANDA DIVISION1,REAL,MT4,ZMQ,EURUSD
351,2020-10-05 13:35:29.119000,2020-10-05 13:35:29.129000,2020-10-05 13:37:14.638980,10.0,105509.98,105519.98,1.17807,1.17822,MM,OANDA DIVISION1,REAL,MT4,ZMQ,EURUSD
352,2020-10-05 13:35:29.231000,2020-10-05 13:35:29.241000,2020-10-05 13:37:14.671954,10.0,105430.954,105440.954,1.17807,1.17822,MM,OANDA DIVISION1,REAL,MT4,ZMQ,EURUSD
353,2020-10-05 13:35:29.341000,2020-10-05 13:35:29.351000,2020-10-05 13:37:14.705981,10.0,105354.981,105364.981,1.17807,1.17822,MM,OANDA DIVISION1,REAL,MT4,ZMQ,EURUSD
354,2020-10-05 13:35:29.446000,2020-10-05 13:35:29.456000,2020-10-05 13:37:14.739979,10.0,105283.979,105293.979,1.17807,1.17822,MM,OANDA DIVISION1,REAL,MT4,ZMQ,EURUSD
355,2020-10-05 13:35:29.556000,2020-10-05 13:35:29.566000,2020-10-05 13:37:14.773980,10.0,105207.98,105217.98,1.17807,1.17822,MM,OANDA DIVISION1,REAL,MT4,ZMQ,EURUSD
356,2020-10-05 13:35:29.641000,2020-10-05 13:35:29.651000,2020-10-05 13:37:14.807981,10.0,105156.981,105166.981,1.17809,1.17822,MM,OANDA DIVISION1,REAL,MT4,ZMQ,EURUSD
357,2020-10-05 13:35:29.668000,2020-10-05 13:35:29.678000,2020-10-05 13:37:14.840988,10.0,105162.988,105172.988,1.17809,1.17822,MM,OANDA DIVISION1,REAL,MT4,ZMQ,EURUSD
358,2020-10-05 13:35:29.774000,2020-10-05 13:35:29.784000,2020-10-05 13:37:14.875014,10.0,105091.014,105101.014,1.17809,1.17822,MM,OANDA DIVISION1,REAL,MT4,ZMQ,EURUSD
359,2020-10-05 13:35:29.887000,2020-10-05 13:35:29.897000,2020-10-05 13:37:14.909014,10.0,105012.014,105022.014,1.17809,1.17822,MM,OANDA DIVISION1,REAL,MT4,ZMQ,EURUSD
360,2020-10-05 13:35:29.965000,2020-10-05 13:35:29.975000,2020-10-05 13:37:14.943011,10.0,104968.011,104978.011,1.17811,1.17824,MM,OANDA DIVISION1,REAL,MT4,ZMQ,EURUSD
361,2020-10-05 13:35:29.993300,2020-10-05 13:35:30.003300,2020-10-05 13:37:14.979012,10.0,104975.712,104985.712,1.17811,1.17824,MM,OANDA DIVISION1,REAL,MT4,ZMQ,EURUSD
362,2020-10-05 13:35:30.104000,2020-10-05 13:35:30.114000,2020-10-05 13:37:15.012985,10.0,104898.985,104908.985,1.17811,1.17824,MM,OANDA DIVISION1,REAL,MT4,ZMQ,EURUSD
363,2020-10-05 13:35:30.145000,2020-10-05 13:35:30.155000,2020-10-05 13:37:15.046985,10.0,104891.985,104901.985,1.17813,1.17825,MM,OANDA DIVISION1,REAL,MT4,ZMQ,EURUSD
364,2020-10-05 13:35:30.212000,2020-10-05 13:35:30.222000,2020-10-05 13:37:15.081012,10.0,104859.012,104869.012,1.17813,1.17825,MM,OANDA DIVISION1,REAL,MT4,ZMQ,EURUSD
365,2020-10-05 13:35:30.324000,2020-10-05 13:35:30.334000,2020-10-05 13:37:15.115014,10.0,104781.014,104791.014,1.17813,1.17825,MM,OANDA DIVISION1,REAL,MT4,ZMQ,EURUSD
366,2020-10-05 13:35:30.434000,2020-10-05 13:35:30.444000,2020-10-05 13:37:15.148985,10.0,104704.985,104714.985,1.17813,1.17825,MM,OANDA DIVISION1,REAL,MT4,ZMQ,EURUSD
367,2020-10-05 13:35:30.454000,2020-10-05 13:35:30.464000,2020-10-05 13:37:15.182985,10.0,104718.985,104728.985,1.17814,1.17827,MM,OANDA DIVISION1,REAL,MT4,ZMQ,EURUSD
368,2020-10-05 13:35:30.540000,2020-10-05 13:35:30.550000,2020-10-05 13:37:15.218012,10.0,104668.012,104678.012,1.17814,1.17827,MM,OANDA DIVISION1,REAL,MT4,ZMQ,EURUSD
369,2020-10-05 13:35:30.641000,2020-10-05 13:35:30.651000,2020-10-05 13:37:15.251986,10.0,104600.986,104610.986,1.17815,1.17828,MM,OANDA DIVISION1,REAL,MT4,ZMQ,EURUSD
370,2020-10-05 13:35:30.652000,2020-10-05 13:35:30.662000,2020-10-05 13:37:15.284985,10.0,104622.985,104632.985,1.17815,1.17828,MM,OANDA DIVISION1,REAL,MT4,ZMQ,EURUSD
371,2020-10-05 13:35:30.776000,2020-10-05 13:35:30.786000,2020-10-05 13:37:15.318987,10.0,104532.987,104542.987,1.17815,1.17828,MM,OANDA DIVISION1,REAL,MT4,ZMQ,EURUSD
372,2020-10-05 13:35:30.867000,2020-10-05 13:35:30.877000,2020-10-05 13:37:15.353987,10.0,104476.987,104486.987,1.17815,1.17828,MM,OANDA DIVISION1,REAL,MT4,ZMQ,EURUSD
373,2020-10-05 13:35:30.989000,2020-10-05 13:35:30.999000,2020-10-05 13:37:15.387986,10.0,104388.986,104398.986,1.17815,1.17828,MM,OANDA DIVISION1,REAL,MT4,ZMQ,EURUSD
374,2020-10-05 13:35:31.087000,2020-10-05 13:35:31.097000,2020-10-05 13:37:15.421985,10.0,104324.985,104334.985,1.17815,1.17828,MM,OANDA DIVISION1,REAL,MT4,ZMQ,EURUSD
375,2020-10-05 13:35:31.200000,2020-10-05 13:35:31.210000,2020-10-05 13:37:15.456987,10.0,104246.987,104256.987,1.17815,1.17828,MM,OANDA DIVISION1,REAL,MT4,ZMQ,EURUSD
376,2020-10-05 13:35:31.308000,2020-10-05 13:35:31.318000,2020-10-05 13:37:15.491986,10.0,104173.986,104183.986,1.17815,1.17828,MM,OANDA DIVISION1,REAL,MT4,ZMQ,EURUSD
377,2020-10-05 13:35:31.423000,2020-10-05 13:35:31.433000,2020-10-05 13:37:15.525986,10.0,104092.986,104102.986,1.17815,1.17828,MM,OANDA DIVISION1,REAL,MT4,ZMQ,EURUSD
378,2020-10-05 13:35:31.524000,2020-10-05 13:35:31.534000,2020-10-05 13:37:15.561987,10.0,104027.987,104037.987,1.17815,1.17828,MM,OANDA DIVISION1,REAL,MT4,ZMQ,EURUSD
379,2020-10-05 13:35:31.581000,2020-10-05 13:35:31.591000,2020-10-05 13:37:15.596986,10.0,104005.986,104015.986,1.17816,1.17829,MM,OANDA DIVISION1,REAL,MT4,ZMQ,EURUSD
380,2020-10-05 13:35:31.635000,2020-10-05 13:35:31.645000,2020-10-05 13:37:15.632986,10.0,103987.986,103997.986,1.17816,1.17829,MM,OANDA DIVISION1,REAL,MT4,ZMQ,EURUSD
381,2020-10-05 13:35:31.672000,2020-10-05 13:35:31.682000,2020-10-05 13:37:15.669987,10.0,103987.987,103997.987,1.17819,1.17833,MM,OANDA DIVISION1,REAL,MT4,ZMQ,EURUSD
382,2020-10-05 13:35:31.742000,2020-10-05 13:35:31.752000,2020-10-05 13:37:15.705987,10.0,103953.987,103963.987,1.17819,1.17833,MM,OANDA DIVISION1,REAL,MT4,ZMQ,EURUSD
383,2020-10-05 13:35:31.854000,2020-10-05 13:35:31.864000,2020-10-05 13:37:15.740986,10.0,103876.986,103886.986,1.17819,1.17833,MM,OANDA DIVISION1,REAL,MT4,ZMQ,EURUSD
384,2020-10-05 13:35:31.967000,2020-10-05 13:35:31.977000,2020-10-05 13:37:15.774986,10.0,103797.986,103807.986,1.17819,1.17833,MM,OANDA DIVISION1,REAL,MT4,ZMQ,EURUSD
385,2020-10-05 13:35:32.071000,2020-10-05 13:35:32.081000,2020-10-05 13:37:15.808987,10.0,103727.987,103737.987,1.17819,1.17833,MM,OANDA DIVISION1,REAL,MT4,ZMQ,EURUSD
386,2020-10-05 13:35:32.182000,2020-10-05 13:35:32.192000,2020-10-05 13:37:15.843013,10.0,103651.013,103661.013,1.17819,1.17833,MM,OANDA DIVISION1,REAL,MT4,ZMQ,EURUSD
387,2020-10-05 13:35:32.290000,2020-10-05 13:35:32.300000,2020-10-05 13:37:15.877014,10.0,103577.014,103587.014,1.17819,1.17833,MM,OANDA DIVISION1,REAL,MT4,ZMQ,EURUSD
388,2020-10-05 13:35:32.399000,2020-10-05 13:35:32.409000,2020-10-05 13:37:15.910011,10.0,103501.011,103511.011,1.17819,1.17833,MM,OANDA DIVISION1,REAL,MT4,ZMQ,EURUSD
389,2020-10-05 13:35:32.534000,2020-10-05 13:35:32.544000,2020-10-05 13:37:15.942988,10.0,103398.988,103408.988,1.17819,1.17833,MM,OANDA DIVISION1,REAL,MT4,ZMQ,EURUSD
390,2020-10-05 13:35:32.618000,2020-10-05 13:35:32.628000,2020-10-05 13:37:15.977986,10.0,103349.986,103359.986,1.17819,1.17833,MM,OANDA DIVISION1,REAL,MT4,ZMQ,EURUSD
391,2020-10-05 13:35:32.728000,2020-10-05 13:35:32.738000,2020-10-05 13:37:16.012986,10.0,103274.986,103284.986,1.17819,1.17833,MM,OANDA DIVISION1,REAL,MT4,ZMQ,EURUSD
392,2020-10-05 13:35:32.836000,2020-10-05 13:35:32.846000,2020-10-05 13:37:16.047986,10.0,103201.986,103211.986,1.17819,1.17833,MM,OANDA DIVISION1,REAL,MT4,ZMQ,EURUSD
393,2020-10-05 13:35:32.946000,2020-10-05 13:35:32.956000,2020-10-05 13:37:16.081987,10.0,103125.987,103135.987,1.17819,1.17833,MM,OANDA DIVISION1,REAL,MT4,ZMQ,EURUSD
394,2020-10-05 13:35:33.058000,2020-10-05 13:35:33.068000,2020-10-05 13:37:16.117986,10.0,103049.986,103059.986,1.17819,1.17833,MM,OANDA DIVISION1,REAL,MT4,ZMQ,EURUSD
395,2020-10-05 13:35:33.167000,2020-10-05 13:35:33.177000,2020-10-05 13:37:16.152986,10.0,102975.986,102985.986,1.17819,1.17833,MM,OANDA DIVISION1,REAL,MT4,ZMQ,EURUSD
396,2020-10-05 13:35:33.277000,2020-10-05 13:35:33.287000,2020-10-05 13:37:16.189987,10.0,102902.987,102912.987,1.17819,1.17833,MM,OANDA DIVISION1,REAL,MT4,ZMQ,EURUSD
397,2020-10-05 13:35:33.386000,2020-10-05 13:35:33.396000,2020-10-05 13:37:16.223986,10.0,102827.986,102837.986,1.17819,1.17833,MM,OANDA DIVISION1,REAL,MT4,ZMQ,EURUSD
398,2020-10-05 13:35:33.495000,2020-10-05 13:35:33.505000,2020-10-05 13:37:16.256986,10.0,102751.986,102761.986,1.17819,1.17833,MM,OANDA DIVISION1,REAL,MT4,ZMQ,EURUSD
399,2020-10-05 13:35:33.602000,2020-10-05 13:35:33.612000,2020-10-05 13:37:16.290988,10.0,102678.988,102688.988,1.17819,1.17833,MM,OANDA DIVISION1,REAL,MT4,ZMQ,EURUSD
400,2020-10-05 13:35:33.718000,2020-10-05 13:35:33.728000,2020-10-05 13:37:16.333014,10.0,102605.014,102615.014,1.17819,1.17833,MM,OANDA DIVISION1,REAL,MT4,ZMQ,EURUSD
401,2020-10-05 13:35:33.823000,2020-10-05 13:35:33.833000,2020-10-05 13:37:16.367014,10.0,102534.014,102544.014,1.17819,1.17833,MM,OANDA DIVISION1,REAL,MT4,ZMQ,EURUSD
402,2020-10-05 13:35:33.934000,2020-10-05 13:35:33.944000,2020-10-05 13:37:16.400013,10.0,102456.013,102466.013,1.17819,1.17833,MM,OANDA DIVISION1,REAL,MT4,ZMQ,EURUSD
403,2020-10-05 13:35:34.041000,2020-10-05 13:35:34.051000,2020-10-05 13:37:16.434011,10.0,102383.011,102393.011,1.17819,1.17833,MM,OANDA DIVISION1,REAL,MT4,ZMQ,EURUSD
404,2020-10-05 13:35:34.150000,2020-10-05 13:35:34.160000,2020-10-05 13:37:16.467014,10.0,102307.014,102317.014,1.17819,1.17833,MM,OANDA DIVISION1,REAL,MT4,ZMQ,EURUSD
405,2020-10-05 13:35:34.271000,2020-10-05 13:35:34.281000,2020-10-05 13:37:16.501008,10.0,102220.008,102230.008,1.17819,1.17833,MM,OANDA DIVISION1,REAL,MT4,ZMQ,EURUSD
406,2020-10-05 13:35:34.371000,2020-10-05 13:35:34.381000,2020-10-05 13:37:16.535015,10.0,102154.015,102164.015,1.17819,1.17833,MM,OANDA DIVISION1,REAL,MT4,ZMQ,EURUSD
407,2020-10-05 13:35:34.486000,2020-10-05 13:35:34.496000,2020-10-05 13:37:16.569007,10.0,102073.007,102083.007,1.17819,1.17833,MM,OANDA DIVISION1,REAL,MT4,ZMQ,EURUSD
408,2020-10-05 13:35:34.588000,2020-10-05 13:35:34.598000,2020-10-05 13:37:16.603012,10.0,102005.012,102015.012,1.17819,1.17833,MM,OANDA DIVISION1,REAL,MT4,ZMQ,EURUSD
409,2020-10-05 13:35:34.699000,2020-10-05 13:35:34.709000,2020-10-05 13:37:16.637987,10.0,101928.987,101938.987,1.17819,1.17833,MM,OANDA DIVISION1,REAL,MT4,ZMQ,EURUSD
410,2020-10-05 13:35:34.805000,2020-10-05 13:35:34.815000,2020-10-05 13:37:16.672013,10.0,101857.013,101867.013,1.17819,1.17833,MM,OANDA DIVISION1,REAL,MT4,ZMQ,EURUSD
411,2020-10-05 13:35:34.915000,2020-10-05 13:35:34.925000,2020-10-05 13:37:16.705012,10.0,101780.012,101790.012,1.17819,1.17833,MM,OANDA DIVISION1,REAL,MT4,ZMQ,EURUSD
412,2020-10-05 13:35:35.036000,2020-10-05 13:35:35.046000,2020-10-05 13:37:16.739012,10.0,101693.012,101703.012,1.17819,1.17833,MM,OANDA DIVISION1,REAL,MT4,ZMQ,EURUSD
413,2020-10-05 13:35:35.133000,2020-10-05 13:35:35.143000,2020-10-05 13:37:16.772987,10.0,101629.987,101639.987,1.17819,1.17833,MM,OANDA DIVISION1,REAL,MT4,ZMQ,EURUSD
414,2020-10-05 13:35:35.243000,2020-10-05 13:35:35.253000,2020-10-05 13:37:16.806019,10.0,101553.019,101563.019,1.17819,1.17833,MM,OANDA DIVISION1,REAL,MT4,ZMQ,EURUSD
415,2020-10-05 13:35:35.354000,2020-10-05 13:35:35.364000,2020-10-05 13:37:16.840019,10.0,101476.019,101486.019,1.17819,1.17833,MM,OANDA DIVISION1,REAL,MT4,ZMQ,EURUSD
416,2020-10-05 13:35:35.465000,2020-10-05 13:35:35.475000,2020-10-05 13:37:16.873017,10.0,101398.017,101408.017,1.17819,1.17833,MM,OANDA DIVISION1,REAL,MT4,ZMQ,EURUSD
417,2020-10-05 13:35:35.572000,2020-10-05 13:35:35.582000,2020-10-05 13:37:16.906018,10.0,101324.018,101334.018,1.17819,1.17833,MM,OANDA DIVISION1,REAL,MT4,ZMQ,EURUSD
418,2020-10-05 13:35:35.680000,2020-10-05 13:35:35.690000,2020-10-05 13:37:16.939013,10.0,101249.013,101259.013,1.17819,1.17833,MM,OANDA DIVISION1,REAL,MT4,ZMQ,EURUSD
419,2020-10-05 13:35:35.714000,2020-10-05 13:35:35.724000,2020-10-05 13:37:16.972986,10.0,101248.986,101258.986,1.17821,1.17834,MM,OANDA DIVISION1,REAL,MT4,ZMQ,EURUSD
420,2020-10-05 13:35:35.792000,2020-10-05 13:35:35.802000,2020-10-05 13:37:17.006059,10.0,101204.059,101214.059,1.17821,1.17834,MM,OANDA DIVISION1,REAL,MT4,ZMQ,EURUSD
421,2020-10-05 13:35:35.899000,2020-10-05 13:35:35.909000,2020-10-05 13:37:17.040060,10.0,101131.06,101141.06,1.17821,1.17834,MM,OANDA DIVISION1,REAL,MT4,ZMQ,EURUSD
422,2020-10-05 13:35:36.039000,2020-10-05 13:35:36.049000,2020-10-05 13:37:17.074058,10.0,101025.058,101035.058,1.17821,1.17834,MM,OANDA DIVISION1,REAL,MT4,ZMQ,EURUSD
423,2020-10-05 13:35:36.120000,2020-10-05 13:35:36.130000,2020-10-05 13:37:17.107058,10.0,100977.058,100987.058,1.17821,1.17834,MM,OANDA DIVISION1,REAL,MT4,ZMQ,EURUSD
424,2020-10-05 13:35:36.230000,2020-10-05 13:35:36.240000,2020-10-05 13:37:17.141056,10.0,100901.056,100911.056,1.17821,1.17834,MM,OANDA DIVISION1,REAL,MT4,ZMQ,EURUSD
425,2020-10-05 13:35:36.337000,2020-10-05 13:35:36.347000,2020-10-05 13:37:17.174052,10.0,100827.052,100837.052,1.17821,1.17834,MM,OANDA DIVISION1,REAL,MT4,ZMQ,EURUSD
426,2020-10-05 13:35:36.446000,2020-10-05 13:35:36.456000,2020-10-05 13:37:17.208057,10.0,100752.057,100762.057,1.17821,1.17834,MM,OANDA DIVISION1,REAL,MT4,ZMQ,EURUSD
427,2020-10-05 13:35:36.555000,2020-10-05 13:35:36.565000,2020-10-05 13:37:17.241060,10.0,100676.06,100686.06,1.17821,1.17834,MM,OANDA DIVISION1,REAL,MT4,ZMQ,EURUSD
428,2020-10-05 13:35:36.667000,2020-10-05 13:35:36.677000,2020-10-05 13:37:17.275027,10.0,100598.027,100608.027,1.17821,1.17834,MM,OANDA DIVISION1,REAL,MT4,ZMQ,EURUSD
429,2020-10-05 13:35:36.780000,2020-10-05 13:35:36.790000,2020-10-05 13:37:17.310051,10.0,100520.051,100530.051,1.17821,1.17834,MM,OANDA DIVISION1,REAL,MT4,ZMQ,EURUSD
430,2020-10-05 13:35:36.886000,2020-10-05 13:35:36.896000,2020-10-05 13:37:17.343052,10.0,100447.052,100457.052,1.17821,1.17834,MM,OANDA DIVISION1,REAL,MT4,ZMQ,EURUSD
431,2020-10-05 13:35:36.993300,2020-10-05 13:35:37.003300,2020-10-05 13:37:17.377053,10.0,100373.753,100383.753,1.17821,1.17834,MM,OANDA DIVISION1,REAL,MT4,ZMQ,EURUSD
432,2020-10-05 13:35:37.103000,2020-10-05 13:35:37.113000,2020-10-05 13:37:17.411057,10.0,100298.057,100308.057,1.17821,1.17834,MM,OANDA DIVISION1,REAL,MT4,ZMQ,EURUSD
433,2020-10-05 13:35:37.214000,2020-10-05 13:35:37.224000,2020-10-05 13:37:17.445057,10.0,100221.057,100231.057,1.17821,1.17834,MM,OANDA DIVISION1,REAL,MT4,ZMQ,EURUSD
434,2020-10-05 13:35:37.321000,2020-10-05 13:35:37.331000,2020-10-05 13:37:17.479058,10.0,100148.058,100158.058,1.17821,1.17834,MM,OANDA DIVISION1,REAL,MT4,ZMQ,EURUSD
435,2020-10-05 13:35:37.431000,2020-10-05 13:35:37.441000,2020-10-05 13:37:17.513060,10.0,100072.06,100082.06,1.17821,1.17834,MM,OANDA DIVISION1,REAL,MT4,ZMQ,EURUSD
436,2020-10-05 13:35:37.544000,2020-10-05 13:35:37.554000,2020-10-05 13:37:17.547053,10.0,99993.053,100003.053,1.17821,1.17834,MM,OANDA DIVISION1,REAL,MT4,ZMQ,EURUSD
437,2020-10-05 13:35:37.650000,2020-10-05 13:35:37.660000,2020-10-05 13:37:17.580088,10.0,99920.088,99930.088,1.17821,1.17834,MM,OANDA DIVISION1,REAL,MT4,ZMQ,EURUSD
438,2020-10-05 13:35:37.664000,2020-10-05 13:35:37.674000,2020-10-05 13:37:17.614089,10.0,99940.089,99950.089,1.17822,1.17836,MM,OANDA DIVISION1,REAL,MT4,ZMQ,EURUSD
439,2020-10-05 13:35:37.770000,2020-10-05 13:35:37.780000,2020-10-05 13:37:17.648088,10.0,99868.088,99878.088,1.17822,1.17836,MM,OANDA DIVISION1,REAL,MT4,ZMQ,EURUSD
440,2020-10-05 13:35:37.869000,2020-10-05 13:35:37.879000,2020-10-05 13:37:17.682063,10.0,99803.063,99813.063,1.17822,1.17836,MM,OANDA DIVISION1,REAL,MT4,ZMQ,EURUSD
441,2020-10-05 13:35:37.962000,2020-10-05 13:35:37.972000,2020-10-05 13:37:17.716064,10.0,99744.064,99754.064,1.17824,1.17837,MM,OANDA DIVISION1,REAL,MT4,ZMQ,EURUSD
442,2020-10-05 13:35:37.990000,2020-10-05 13:35:38.000000,2020-10-05 13:37:17.750087,10.0,99750.087,99760.087,1.17824,1.17837,MM,OANDA DIVISION1,REAL,MT4,ZMQ,EURUSD
443,2020-10-05 13:35:37.994400,2020-10-05 13:35:38.004400,2020-10-05 13:37:17.783064,10.0,99778.664,99788.664,1.17822,1.17835,MM,OANDA DIVISION1,REAL,MT4,ZMQ,EURUSD
444,2020-10-05 13:35:38.088000,2020-10-05 13:35:38.098000,2020-10-05 13:37:17.819069,10.0,99721.069,99731.069,1.17822,1.17835,MM,OANDA DIVISION1,REAL,MT4,ZMQ,EURUSD
445,2020-10-05 13:35:38.111000,2020-10-05 13:35:38.121000,2020-10-05 13:37:17.857062,10.0,99736.062,99746.062,1.1782,1.17834,MM,OANDA DIVISION1,REAL,MT4,ZMQ,EURUSD
446,2020-10-05 13:35:38.200000,2020-10-05 13:35:38.210000,2020-10-05 13:37:17.893063,10.0,99683.063,99693.063,1.1782,1.17834,MM,OANDA DIVISION1,REAL,MT4,ZMQ,EURUSD
447,2020-10-05 13:35:38.305000,2020-10-05 13:35:38.315000,2020-10-05 13:37:17.928062,10.0,99613.062,99623.062,1.1782,1.17834,MM,OANDA DIVISION1,REAL,MT4,ZMQ,EURUSD
448,2020-10-05 13:35:38.415000,2020-10-05 13:35:38.425000,2020-10-05 13:37:17.962063,10.0,99537.063,99547.063,1.1782,1.17834,MM,OANDA DIVISION1,REAL,MT4,ZMQ,EURUSD
449,2020-10-05 13:35:38.524000,2020-10-05 13:35:38.534000,2020-10-05 13:37:17.997063,10.0,99463.063,99473.063,1.1782,1.17834,MM,OANDA DIVISION1,REAL,MT4,ZMQ,EURUSD
450,2020-10-05 13:35:38.636000,2020-10-05 13:35:38.646000,2020-10-05 13:37:18.031062,10.0,99385.062,99395.062,1.1782,1.17834,MM,OANDA DIVISION1,REAL,MT4,ZMQ,EURUSD
451,2020-10-05 13:35:38.745000,2020-10-05 13:35:38.755000,2020-10-05 13:37:18.065062,10.0,99310.062,99320.062,1.1782,1.17834,MM,OANDA DIVISION1,REAL,MT4,ZMQ,EURUSD
452,2020-10-05 13:35:38.852000,2020-10-05 13:35:38.862000,2020-10-05 13:37:18.099089,10.0,99237.089,99247.089,1.1782,1.17834,MM,OANDA DIVISION1,REAL,MT4,ZMQ,EURUSD
453,2020-10-05 13:35:38.965000,2020-10-05 13:35:38.975000,2020-10-05 13:37:18.133063,10.0,99158.063,99168.063,1.1782,1.17834,MM,OANDA DIVISION1,REAL,MT4,ZMQ,EURUSD
454,2020-10-05 13:35:39.074000,2020-10-05 13:35:39.084000,2020-10-05 13:37:18.167063,10.0,99083.063,99093.063,1.1782,1.17834,MM,OANDA DIVISION1,REAL,MT4,ZMQ,EURUSD
455,2020-10-05 13:35:39.181000,2020-10-05 13:35:39.191000,2020-10-05 13:37:18.201063,10.0,99010.063,99020.063,1.1782,1.17834,MM,OANDA DIVISION1,REAL,MT4,ZMQ,EURUSD
456,2020-10-05 13:35:39.291000,2020-10-05 13:35:39.301000,2020-10-05 13:37:18.236062,10.0,98935.062,98945.062,1.1782,1.17837,MM,OANDA DIVISION1,REAL,MT4,ZMQ,EURUSD
457,2020-10-05 13:35:39.301000,2020-10-05 13:35:39.311000,2020-10-05 13:37:18.276062,10.0,98965.062,98975.062,1.1782,1.17837,MM,OANDA DIVISION1,REAL,MT4,ZMQ,EURUSD
458,2020-10-05 13:35:39.399000,2020-10-05 13:35:39.409000,2020-10-05 13:37:18.313063,10.0,98904.063,98914.063,1.1782,1.17837,MM,OANDA DIVISION1,REAL,MT4,ZMQ,EURUSD
459,2020-10-05 13:35:39.488000,2020-10-05 13:35:39.498000,2020-10-05 13:37:18.347063,10.0,98849.063,98859.063,1.17824,1.17836,MM,OANDA DIVISION1,REAL,MT4,ZMQ,EURUSD
460,2020-10-05 13:35:39.517000,2020-10-05 13:35:39.527000,2020-10-05 13:37:18.382063,10.0,98855.063,98865.063,1.17824,1.17836,MM,OANDA DIVISION1,REAL,MT4,ZMQ,EURUSD
461,2020-10-05 13:35:39.618000,2020-10-05 13:35:39.628000,2020-10-05 13:37:18.417062,10.0,98789.062,98799.062,1.17824,1.17836,MM,OANDA DIVISION1,REAL,MT4,ZMQ,EURUSD
462,2020-10-05 13:35:39.674000,2020-10-05 13:35:39.684000,2020-10-05 13:37:18.452061,10.0,98768.061,98778.061,1.17823,1.1784,MM,OANDA DIVISION1,REAL,MT4,ZMQ,EURUSD
463,2020-10-05 13:35:39.728000,2020-10-05 13:35:39.738000,2020-10-05 13:37:18.486063,10.0,98748.063,98758.063,1.17823,1.1784,MM,OANDA DIVISION1,REAL,MT4,ZMQ,EURUSD
464,2020-10-05 13:35:39.839000,2020-10-05 13:35:39.849000,2020-10-05 13:37:18.522063,10.0,98673.063,98683.063,1.17823,1.1784,MM,OANDA DIVISION1,REAL,MT4,ZMQ,EURUSD
465,2020-10-05 13:35:39.951000,2020-10-05 13:35:39.961000,2020-10-05 13:37:18.556087,10.0,98595.087,98605.087,1.17823,1.1784,MM,OANDA DIVISION1,REAL,MT4,ZMQ,EURUSD
466,2020-10-05 13:35:40.056000,2020-10-05 13:35:40.066000,2020-10-05 13:37:18.590088,10.0,98524.088,98534.088,1.17823,1.1784,MM,OANDA DIVISION1,REAL,MT4,ZMQ,EURUSD
467,2020-10-05 13:35:40.167000,2020-10-05 13:35:40.177000,2020-10-05 13:37:18.626084,10.0,98449.084,98459.084,1.17823,1.1784,MM,OANDA DIVISION1,REAL,MT4,ZMQ,EURUSD
468,2020-10-05 13:35:40.276000,2020-10-05 13:35:40.286000,2020-10-05 13:37:18.660063,10.0,98374.063,98384.063,1.17823,1.1784,MM,OANDA DIVISION1,REAL,MT4,ZMQ,EURUSD
469,2020-10-05 13:35:40.383000,2020-10-05 13:35:40.393000,2020-10-05 13:37:18.694089,10.0,98301.089,98311.089,1.17823,1.1784,MM,OANDA DIVISION1,REAL,MT4,ZMQ,EURUSD
470,2020-10-05 13:35:40.494000,2020-10-05 13:35:40.504000,2020-10-05 13:37:18.728088,10.0,98224.088,98234.088,1.17823,1.1784,MM,OANDA DIVISION1,REAL,MT4,ZMQ,EURUSD
471,2020-10-05 13:35:40.594000,2020-10-05 13:35:40.604000,2020-10-05 13:37:18.762088,10.0,98158.088,98168.088,1.17826,1.17839,MM,OANDA DIVISION1,REAL,MT4,ZMQ,EURUSD
472,2020-10-05 13:35:40.604000,2020-10-05 13:35:40.614000,2020-10-05 13:37:18.796088,10.0,98182.088,98192.088,1.17826,1.17839,MM,OANDA DIVISION1,REAL,MT4,ZMQ,EURUSD
473,2020-10-05 13:35:40.711000,2020-10-05 13:35:40.721000,2020-10-05 13:37:18.830090,10.0,98109.09,98119.09,1.17826,1.17839,MM,OANDA DIVISION1,REAL,MT4,ZMQ,EURUSD
474,2020-10-05 13:35:40.821000,2020-10-05 13:35:40.831000,2020-10-05 13:37:18.864065,10.0,98033.065,98043.065,1.17826,1.17839,MM,OANDA DIVISION1,REAL,MT4,ZMQ,EURUSD
475,2020-10-05 13:35:40.931000,2020-10-05 13:35:40.941000,2020-10-05 13:37:18.897094,10.0,97956.094,97966.094,1.17826,1.17839,MM,OANDA DIVISION1,REAL,MT4,ZMQ,EURUSD
476,2020-10-05 13:35:41.041000,2020-10-05 13:35:41.051000,2020-10-05 13:37:18.931098,10.0,97880.098,97890.098,1.17826,1.17839,MM,OANDA DIVISION1,REAL,MT4,ZMQ,EURUSD
477,2020-10-05 13:35:41.152000,2020-10-05 13:35:41.162000,2020-10-05 13:37:18.966064,10.0,97804.064,97814.064,1.17826,1.17839,MM,OANDA DIVISION1,REAL,MT4,ZMQ,EURUSD
478,2020-10-05 13:35:41.290000,2020-10-05 13:35:41.300000,2020-10-05 13:37:19.000094,10.0,97700.094,97710.094,1.17826,1.17839,MM,OANDA DIVISION1,REAL,MT4,ZMQ,EURUSD
479,2020-10-05 13:35:41.371000,2020-10-05 13:35:41.381000,2020-10-05 13:37:19.035064,10.0,97654.064,97664.064,1.17826,1.17839,MM,OANDA DIVISION1,REAL,MT4,ZMQ,EURUSD
480,2020-10-05 13:35:41.396000,2020-10-05 13:35:41.406000,2020-10-05 13:37:19.091087,10.0,97685.087,97695.087,1.17825,1.17838,MM,OANDA DIVISION1,REAL,MT4,ZMQ,EURUSD
481,2020-10-05 13:35:41.477000,2020-10-05 13:35:41.487000,2020-10-05 13:37:19.129101,10.0,97642.101,97652.101,1.17825,1.17838,MM,OANDA DIVISION1,REAL,MT4,ZMQ,EURUSD
482,2020-10-05 13:35:41.523000,2020-10-05 13:35:41.533000,2020-10-05 13:37:19.164084,10.0,97631.084,97641.084,1.17822,1.17836,MM,OANDA DIVISION1,REAL,MT4,ZMQ,EURUSD
483,2020-10-05 13:35:41.542000,2020-10-05 13:35:41.552000,2020-10-05 13:37:19.200063,10.0,97648.063,97658.063,1.17824,1.17837,MM,OANDA DIVISION1,REAL,MT4,ZMQ,EURUSD
484,2020-10-05 13:35:41.586000,2020-10-05 13:35:41.596000,2020-10-05 13:37:19.237083,10.0,97641.083,97651.083,1.17824,1.17837,MM,OANDA DIVISION1,REAL,MT4,ZMQ,EURUSD
485,2020-10-05 13:35:41.661000,2020-10-05 13:35:41.671000,2020-10-05 13:37:19.275062,10.0,97604.062,97614.062,1.17825,1.17838,MM,OANDA DIVISION1,REAL,MT4,ZMQ,EURUSD
486,2020-10-05 13:35:41.696000,2020-10-05 13:35:41.706000,2020-10-05 13:37:19.313062,10.0,97607.062,97617.062,1.17825,1.17838,MM,OANDA DIVISION1,REAL,MT4,ZMQ,EURUSD
487,2020-10-05 13:35:41.808000,2020-10-05 13:35:41.818000,2020-10-05 13:37:19.352063,10.0,97534.063,97544.063,1.17825,1.17838,MM,OANDA DIVISION1,REAL,MT4,ZMQ,EURUSD
488,2020-10-05 13:35:41.919000,2020-10-05 13:35:41.929000,2020-10-05 13:37:19.392065,10.0,97463.065,97473.065,1.17825,1.17838,MM,OANDA DIVISION1,REAL,MT4,ZMQ,EURUSD
489,2020-10-05 13:35:41.952000,2020-10-05 13:35:41.962000,2020-10-05 13:37:19.428063,10.0,97466.063,97476.063,1.17826,1.17839,MM,OANDA DIVISION1,REAL,MT4,ZMQ,EURUSD
490,2020-10-05 13:35:42.028000,2020-10-05 13:35:42.038000,2020-10-05 13:37:19.465063,10.0,97427.063,97437.063,1.17826,1.17839,MM,OANDA DIVISION1,REAL,MT4,ZMQ,EURUSD
491,2020-10-05 13:35:42.095000,2020-10-05 13:35:42.105000,2020-10-05 13:37:19.499089,10.0,97394.089,97404.089,1.17825,1.17838,MM,OANDA DIVISION1,REAL,MT4,ZMQ,EURUSD
492,2020-10-05 13:35:42.134000,2020-10-05 13:35:42.144000,2020-10-05 13:37:19.533088,10.0,97389.088,97399.088,1.17825,1.17838,MM,OANDA DIVISION1,REAL,MT4,ZMQ,EURUSD
493,2020-10-05 13:35:42.243000,2020-10-05 13:35:42.253000,2020-10-05 13:37:19.567093,10.0,97314.093,97324.093,1.17825,1.17838,MM,OANDA DIVISION1,REAL,MT4,ZMQ,EURUSD
494,2020-10-05 13:35:42.353000,2020-10-05 13:35:42.363000,2020-10-05 13:37:19.603088,10.0,97240.088,97250.088,1.17825,1.17838,MM,OANDA DIVISION1,REAL,MT4,ZMQ,EURUSD
495,2020-10-05 13:35:42.396000,2020-10-05 13:35:42.406000,2020-10-05 13:37:19.638088,10.0,97232.088,97242.088,1.17826,1.17839,MM,OANDA DIVISION1,REAL,MT4,ZMQ,EURUSD
496,2020-10-05 13:35:42.465000,2020-10-05 13:35:42.475000,2020-10-05 13:37:19.673063,10.0,97198.063,97208.063,1.17826,1.17839,MM,OANDA DIVISION1,REAL,MT4,ZMQ,EURUSD
497,2020-10-05 13:35:42.531000,2020-10-05 13:35:42.541000,2020-10-05 13:37:19.708083,10.0,97167.083,97177.083,1.17824,1.17838,MM,OANDA DIVISION1,REAL,MT4,ZMQ,EURUSD
498,2020-10-05 13:35:42.572000,2020-10-05 13:35:42.582000,2020-10-05 13:37:19.743065,10.0,97161.065,97171.065,1.17824,1.17838,MM,OANDA DIVISION1,REAL,MT4,ZMQ,EURUSD
499,2020-10-05 13:35:42.662000,2020-10-05 13:35:42.672000,2020-10-05 13:37:19.778063,10.0,97106.063,97116.063,1.17821,1.17837,MM,OANDA DIVISION1,REAL,MT4,ZMQ,EURUSD
500,2020-10-05 13:35:42.692000,2020-10-05 13:35:42.702000,2020-10-05 13:37:19.822091,10.0,97120.091,97130.091,1.17821,1.17837,MM,OANDA DIVISION1,REAL,MT4,ZMQ,EURUSD
501,2020-10-05 13:35:42.720000,2020-10-05 13:35:42.730000,2020-10-05 13:37:19.857088,10.0,97127.088,97137.088,1.17824,1.17836,MM,OANDA DIVISION1,REAL,MT4,ZMQ,EURUSD
502,2020-10-05 13:35:42.793000,2020-10-05 13:35:42.803000,2020-10-05 13:37:19.892063,10.0,97089.063,97099.063,1.17824,1.17836,MM,OANDA DIVISION1,REAL,MT4,ZMQ,EURUSD
503,2020-10-05 13:35:42.910000,2020-10-05 13:35:42.920000,2020-10-05 13:37:19.926063,10.0,97006.063,97016.063,1.17824,1.17836,MM,OANDA DIVISION1,REAL,MT4,ZMQ,EURUSD
504,2020-10-05 13:35:43.044000,2020-10-05 13:35:43.054000,2020-10-05 13:37:19.960088,10.0,96906.088,96916.088,1.17824,1.17836,MM,OANDA DIVISION1,REAL,MT4,ZMQ,EURUSD
505,2020-10-05 13:35:43.095000,2020-10-05 13:35:43.105000,2020-10-05 13:37:19.994065,10.0,96889.065,96899.065,1.17823,1.17835,MM,OANDA DIVISION1,REAL,MT4,ZMQ,EURUSD
506,2020-10-05 13:35:43.120000,2020-10-05 13:35:43.130000,2020-10-05 13:37:20.030083,10.0,96900.083,96910.083,1.17823,1.17835,MM,OANDA DIVISION1,REAL,MT4,ZMQ,EURUSD
507,2020-10-05 13:35:43.158000,2020-10-05 13:35:43.168000,2020-10-05 13:37:20.070062,10.0,96902.062,96912.062,1.17824,1.17836,MM,OANDA DIVISION1,REAL,MT4,ZMQ,EURUSD
508,2020-10-05 13:35:43.228000,2020-10-05 13:35:43.238000,2020-10-05 13:37:20.109088,10.0,96871.088,96881.088,1.17824,1.17836,MM,OANDA DIVISION1,REAL,MT4,ZMQ,EURUSD
509,2020-10-05 13:35:43.339000,2020-10-05 13:35:43.349000,2020-10-05 13:37:20.143094,10.0,96794.094,96804.094,1.17824,1.17836,MM,OANDA DIVISION1,REAL,MT4,ZMQ,EURUSD
510,2020-10-05 13:35:43.449000,2020-10-05 13:35:43.459000,2020-10-05 13:37:20.178082,10.0,96719.082,96729.082,1.17824,1.17836,MM,OANDA DIVISION1,REAL,MT4,ZMQ,EURUSD
511,2020-10-05 13:35:43.556000,2020-10-05 13:35:43.566000,2020-10-05 13:37:20.213063,10.0,96647.063,96657.063,1.17824,1.17836,MM,OANDA DIVISION1,REAL,MT4,ZMQ,EURUSD
512,2020-10-05 13:35:43.668000,2020-10-05 13:35:43.678000,2020-10-05 13:37:20.249088,10.0,96571.088,96581.088,1.17824,1.17836,MM,OANDA DIVISION1,REAL,MT4,ZMQ,EURUSD
513,2020-10-05 13:35:43.774000,2020-10-05 13:35:43.784000,2020-10-05 13:37:20.284061,10.0,96500.061,96510.061,1.17824,1.17836,MM,OANDA DIVISION1,REAL,MT4,ZMQ,EURUSD
514,2020-10-05 13:35:43.887000,2020-10-05 13:35:43.897000,2020-10-05 13:37:20.320089,10.0,96423.089,96433.089,1.17824,1.17836,MM,OANDA DIVISION1,REAL,MT4,ZMQ,EURUSD
515,2020-10-05 13:35:43.992200,2020-10-05 13:35:44.002200,2020-10-05 13:37:20.354088,10.0,96351.888,96361.888,1.17824,1.17836,MM,OANDA DIVISION1,REAL,MT4,ZMQ,EURUSD
516,2020-10-05 13:35:44.105000,2020-10-05 13:35:44.115000,2020-10-05 13:37:20.389089,10.0,96274.089,96284.089,1.17824,1.17836,MM,OANDA DIVISION1,REAL,MT4,ZMQ,EURUSD
517,2020-10-05 13:35:44.212000,2020-10-05 13:35:44.222000,2020-10-05 13:37:20.424084,10.0,96202.084,96212.084,1.17824,1.17836,MM,OANDA DIVISION1,REAL,MT4,ZMQ,EURUSD
518,2020-10-05 13:35:44.231000,2020-10-05 13:35:44.241000,2020-10-05 13:37:20.459086,10.0,96218.086,96228.086,1.17826,1.17838,MM,OANDA DIVISION1,REAL,MT4,ZMQ,EURUSD
519,2020-10-05 13:35:44.323000,2020-10-05 13:35:44.333000,2020-10-05 13:37:20.494065,10.0,96161.065,96171.065,1.17826,1.17838,MM,OANDA DIVISION1,REAL,MT4,ZMQ,EURUSD
520,2020-10-05 13:35:44.430000,2020-10-05 13:35:44.440000,2020-10-05 13:37:20.528095,10.0,96088.095,96098.095,1.17826,1.17838,MM,OANDA DIVISION1,REAL,MT4,ZMQ,EURUSD
521,2020-10-05 13:35:44.543000,2020-10-05 13:35:44.553000,2020-10-05 13:37:20.564063,10.0,96011.063,96021.063,1.17826,1.17838,MM,OANDA DIVISION1,REAL,MT4,ZMQ,EURUSD
522,2020-10-05 13:35:44.651000,2020-10-05 13:35:44.661000,2020-10-05 13:37:20.599064,10.0,95938.064,95948.064,1.17826,1.17838,MM,OANDA DIVISION1,REAL,MT4,ZMQ,EURUSD
523,2020-10-05 13:35:44.772000,2020-10-05 13:35:44.782000,2020-10-05 13:37:20.635089,10.0,95853.089,95863.089,1.17826,1.17838,MM,OANDA DIVISION1,REAL,MT4,ZMQ,EURUSD
524,2020-10-05 13:35:44.867000,2020-10-05 13:35:44.877000,2020-10-05 13:37:20.670093,10.0,95793.093,95803.093,1.17826,1.17838,MM,OANDA DIVISION1,REAL,MT4,ZMQ,EURUSD
525,2020-10-05 13:35:44.979000,2020-10-05 13:35:44.989000,2020-10-05 13:37:20.704094,10.0,95715.094,95725.094,1.17826,1.17838,MM,OANDA DIVISION1,REAL,MT4,ZMQ,EURUSD
526,2020-10-05 13:35:45.089000,2020-10-05 13:35:45.099000,2020-10-05 13:37:20.738063,10.0,95639.063,95649.063,1.17826,1.17838,MM,OANDA DIVISION1,REAL,MT4,ZMQ,EURUSD
527,2020-10-05 13:35:45.198000,2020-10-05 13:35:45.208000,2020-10-05 13:37:20.774066,10.0,95566.066,95576.066,1.17826,1.17838,MM,OANDA DIVISION1,REAL,MT4,ZMQ,EURUSD
528,2020-10-05 13:35:45.306000,2020-10-05 13:35:45.316000,2020-10-05 13:37:20.811088,10.0,95495.088,95505.088,1.17826,1.17838,MM,OANDA DIVISION1,REAL,MT4,ZMQ,EURUSD
529,2020-10-05 13:35:45.420000,2020-10-05 13:35:45.430000,2020-10-05 13:37:20.845063,10.0,95415.063,95425.063,1.17826,1.17838,MM,OANDA DIVISION1,REAL,MT4,ZMQ,EURUSD
530,2020-10-05 13:35:45.471000,2020-10-05 13:35:45.481000,2020-10-05 13:37:20.880096,10.0,95399.096,95409.096,1.17825,1.17837,MM,OANDA DIVISION1,REAL,MT4,ZMQ,EURUSD
531,2020-10-05 13:35:45.526000,2020-10-05 13:35:45.536000,2020-10-05 13:37:20.913093,10.0,95377.093,95387.093,1.17825,1.17837,MM,OANDA DIVISION1,REAL,MT4,ZMQ,EURUSD
532,2020-10-05 13:35:45.546000,2020-10-05 13:35:45.556000,2020-10-05 13:37:20.947094,10.0,95391.094,95401.094,1.17826,1.17838,MM,OANDA DIVISION1,REAL,MT4,ZMQ,EURUSD
533,2020-10-05 13:35:45.607000,2020-10-05 13:35:45.617000,2020-10-05 13:37:20.981092,10.0,95364.092,95374.092,1.17825,1.17837,MM,OANDA DIVISION1,REAL,MT4,ZMQ,EURUSD
534,2020-10-05 13:35:45.634000,2020-10-05 13:35:45.644000,2020-10-05 13:37:21.014097,10.0,95370.097,95380.097,1.17825,1.17837,MM,OANDA DIVISION1,REAL,MT4,ZMQ,EURUSD
535,2020-10-05 13:35:45.745000,2020-10-05 13:35:45.755000,2020-10-05 13:37:21.048093,10.0,95293.093,95303.093,1.17825,1.17837,MM,OANDA DIVISION1,REAL,MT4,ZMQ,EURUSD
536,2020-10-05 13:35:45.853000,2020-10-05 13:35:45.863000,2020-10-05 13:37:21.081089,10.0,95218.089,95228.089,1.17825,1.17837,MM,OANDA DIVISION1,REAL,MT4,ZMQ,EURUSD
537,2020-10-05 13:35:45.967000,2020-10-05 13:35:45.977000,2020-10-05 13:37:21.116093,10.0,95139.093,95149.093,1.17825,1.17837,MM,OANDA DIVISION1,REAL,MT4,ZMQ,EURUSD
538,2020-10-05 13:35:46.003000,2020-10-05 13:35:46.013000,2020-10-05 13:37:21.150094,10.0,95137.094,95147.094,1.17826,1.17838,MM,OANDA DIVISION1,REAL,MT4,ZMQ,EURUSD
539,2020-10-05 13:35:46.075000,2020-10-05 13:35:46.085000,2020-10-05 13:37:21.211063,10.0,95126.063,95136.063,1.17826,1.17838,MM,OANDA DIVISION1,REAL,MT4,ZMQ,EURUSD
540,2020-10-05 13:35:46.184000,2020-10-05 13:35:46.194000,2020-10-05 13:37:21.257088,10.0,95063.088,95073.088,1.17826,1.17838,MM,OANDA DIVISION1,REAL,MT4,ZMQ,EURUSD
541,2020-10-05 13:35:46.294000,2020-10-05 13:35:46.304000,2020-10-05 13:37:21.294064,10.0,94990.064,95000.064,1.17826,1.17838,MM,OANDA DIVISION1,REAL,MT4,ZMQ,EURUSD
542,2020-10-05 13:35:46.405000,2020-10-05 13:35:46.415000,2020-10-05 13:37:21.330087,10.0,94915.087,94925.087,1.17826,1.17838,MM,OANDA DIVISION1,REAL,MT4,ZMQ,EURUSD
543,2020-10-05 13:35:46.529000,2020-10-05 13:35:46.539000,2020-10-05 13:37:21.364064,10.0,94825.064,94835.064,1.17826,1.17838,MM,OANDA DIVISION1,REAL,MT4,ZMQ,EURUSD
544,2020-10-05 13:35:46.618000,2020-10-05 13:35:46.628000,2020-10-05 13:37:21.400064,10.0,94772.064,94782.064,1.17826,1.17838,MM,OANDA DIVISION1,REAL,MT4,ZMQ,EURUSD
545,2020-10-05 13:35:46.730000,2020-10-05 13:35:46.740000,2020-10-05 13:37:21.435094,10.0,94695.094,94705.094,1.17826,1.17838,MM,OANDA DIVISION1,REAL,MT4,ZMQ,EURUSD
546,2020-10-05 13:35:46.837000,2020-10-05 13:35:46.847000,2020-10-05 13:37:21.469094,10.0,94622.094,94632.094,1.17826,1.17838,MM,OANDA DIVISION1,REAL,MT4,ZMQ,EURUSD
547,2020-10-05 13:35:46.946000,2020-10-05 13:35:46.956000,2020-10-05 13:37:21.504094,10.0,94548.094,94558.094,1.17826,1.17838,MM,OANDA DIVISION1,REAL,MT4,ZMQ,EURUSD
548,2020-10-05 13:35:47.059000,2020-10-05 13:35:47.069000,2020-10-05 13:37:21.539091,10.0,94470.091,94480.091,1.17826,1.17838,MM,OANDA DIVISION1,REAL,MT4,ZMQ,EURUSD
549,2020-10-05 13:35:47.165000,2020-10-05 13:35:47.175000,2020-10-05 13:37:21.574073,10.0,94399.073,94409.073,1.17826,1.17838,MM,OANDA DIVISION1,REAL,MT4,ZMQ,EURUSD
550,2020-10-05 13:35:47.276000,2020-10-05 13:35:47.286000,2020-10-05 13:37:21.608088,10.0,94322.088,94332.088,1.17826,1.17838,MM,OANDA DIVISION1,REAL,MT4,ZMQ,EURUSD
551,2020-10-05 13:35:47.350000,2020-10-05 13:35:47.360000,2020-10-05 13:37:21.642088,10.0,94282.088,94292.088,1.17825,1.17837,MM,OANDA DIVISION1,REAL,MT4,ZMQ,EURUSD
552,2020-10-05 13:35:47.387000,2020-10-05 13:35:47.397000,2020-10-05 13:37:21.676088,10.0,94279.088,94289.088,1.17825,1.17837,MM,OANDA DIVISION1,REAL,MT4,ZMQ,EURUSD
553,2020-10-05 13:35:47.425000,2020-10-05 13:35:47.435000,2020-10-05 13:37:21.713090,10.0,94278.09,94288.09,1.17826,1.17838,MM,OANDA DIVISION1,REAL,MT4,ZMQ,EURUSD
554,2020-10-05 13:35:47.493000,2020-10-05 13:35:47.503000,2020-10-05 13:37:21.748066,10.0,94245.066,94255.066,1.17826,1.17838,MM,OANDA DIVISION1,REAL,MT4,ZMQ,EURUSD
555,2020-10-05 13:35:47.606000,2020-10-05 13:35:47.616000,2020-10-05 13:37:21.782091,10.0,94166.091,94176.091,1.17826,1.17838,MM,OANDA DIVISION1,REAL,MT4,ZMQ,EURUSD
556,2020-10-05 13:35:47.717000,2020-10-05 13:35:47.727000,2020-10-05 13:37:21.816091,10.0,94089.091,94099.091,1.17826,1.17838,MM,OANDA DIVISION1,REAL,MT4,ZMQ,EURUSD
557,2020-10-05 13:35:47.823000,2020-10-05 13:35:47.833000,2020-10-05 13:37:21.851089,10.0,94018.089,94028.089,1.17826,1.17838,MM,OANDA DIVISION1,REAL,MT4,ZMQ,EURUSD
558,2020-10-05 13:35:47.932000,2020-10-05 13:35:47.942000,2020-10-05 13:37:21.884089,10.0,93942.089,93952.089,1.17826,1.17838,MM,OANDA DIVISION1,REAL,MT4,ZMQ,EURUSD
559,2020-10-05 13:35:48.041000,2020-10-05 13:35:48.051000,2020-10-05 13:37:21.918089,10.0,93867.089,93877.089,1.17826,1.17838,MM,OANDA DIVISION1,REAL,MT4,ZMQ,EURUSD
560,2020-10-05 13:35:48.151000,2020-10-05 13:35:48.161000,2020-10-05 13:37:21.954063,10.0,93793.063,93803.063,1.17826,1.17838,MM,OANDA DIVISION1,REAL,MT4,ZMQ,EURUSD
561,2020-10-05 13:35:48.273000,2020-10-05 13:35:48.283000,2020-10-05 13:37:21.989121,10.0,93706.121,93716.121,1.17826,1.17838,MM,OANDA DIVISION1,REAL,MT4,ZMQ,EURUSD
562,2020-10-05 13:35:48.370000,2020-10-05 13:35:48.380000,2020-10-05 13:37:22.024096,10.0,93644.096,93654.096,1.17826,1.17838,MM,OANDA DIVISION1,REAL,MT4,ZMQ,EURUSD
563,2020-10-05 13:35:48.478000,2020-10-05 13:35:48.488000,2020-10-05 13:37:22.059096,10.0,93571.096,93581.096,1.17826,1.17838,MM,OANDA DIVISION1,REAL,MT4,ZMQ,EURUSD
564,2020-10-05 13:35:48.591000,2020-10-05 13:35:48.601000,2020-10-05 13:37:22.095125,10.0,93494.125,93504.125,1.17826,1.17838,MM,OANDA DIVISION1,REAL,MT4,ZMQ,EURUSD
565,2020-10-05 13:35:48.701000,2020-10-05 13:35:48.711000,2020-10-05 13:37:22.137098,10.0,93426.098,93436.098,1.17826,1.17838,MM,OANDA DIVISION1,REAL,MT4,ZMQ,EURUSD
566,2020-10-05 13:35:48.808000,2020-10-05 13:35:48.818000,2020-10-05 13:37:22.177097,10.0,93359.097,93369.097,1.17826,1.17838,MM,OANDA DIVISION1,REAL,MT4,ZMQ,EURUSD
567,2020-10-05 13:35:48.917000,2020-10-05 13:35:48.927000,2020-10-05 13:37:22.213096,10.0,93286.096,93296.096,1.17826,1.17838,MM,OANDA DIVISION1,REAL,MT4,ZMQ,EURUSD
568,2020-10-05 13:35:49.038000,2020-10-05 13:35:49.048000,2020-10-05 13:37:22.251122,10.0,93203.122,93213.122,1.17826,1.17838,MM,OANDA DIVISION1,REAL,MT4,ZMQ,EURUSD
569,2020-10-05 13:35:49.133000,2020-10-05 13:35:49.143000,2020-10-05 13:37:22.286116,10.0,93143.116,93153.116,1.17826,1.17838,MM,OANDA DIVISION1,REAL,MT4,ZMQ,EURUSD
570,2020-10-05 13:35:49.239000,2020-10-05 13:35:49.249000,2020-10-05 13:37:22.321117,10.0,93072.117,93082.117,1.17824,1.17837,MM,OANDA DIVISION1,REAL,MT4,ZMQ,EURUSD
571,2020-10-05 13:35:49.267000,2020-10-05 13:35:49.277000,2020-10-05 13:37:22.356121,10.0,93079.121,93089.121,1.17824,1.17837,MM,OANDA DIVISION1,REAL,MT4,ZMQ,EURUSD
572,2020-10-05 13:35:49.354000,2020-10-05 13:35:49.364000,2020-10-05 13:37:22.392096,10.0,93028.096,93038.096,1.17824,1.17837,MM,OANDA DIVISION1,REAL,MT4,ZMQ,EURUSD
573,2020-10-05 13:35:49.441000,2020-10-05 13:35:49.451000,2020-10-05 13:37:22.426096,10.0,92975.096,92985.096,1.17822,1.17836,MM,OANDA DIVISION1,REAL,MT4,ZMQ,EURUSD
574,2020-10-05 13:35:49.464000,2020-10-05 13:35:49.474000,2020-10-05 13:37:22.461122,10.0,92987.122,92997.122,1.17822,1.17836,MM,OANDA DIVISION1,REAL,MT4,ZMQ,EURUSD
575,2020-10-05 13:35:49.501000,2020-10-05 13:35:49.511000,2020-10-05 13:37:22.496121,10.0,92985.121,92995.121,1.17822,1.17834,MM,OANDA DIVISION1,REAL,MT4,ZMQ,EURUSD
576,2020-10-05 13:35:49.572000,2020-10-05 13:35:49.582000,2020-10-05 13:37:22.530124,10.0,92948.124,92958.124,1.17822,1.17834,MM,OANDA DIVISION1,REAL,MT4,ZMQ,EURUSD
577,2020-10-05 13:35:49.674000,2020-10-05 13:35:49.684000,2020-10-05 13:37:22.565097,10.0,92881.097,92891.097,1.17825,1.17838,MM,OANDA DIVISION1,REAL,MT4,ZMQ,EURUSD
578,2020-10-05 13:35:49.701000,2020-10-05 13:35:49.711000,2020-10-05 13:37:22.601096,10.0,92890.096,92900.096,1.17825,1.17838,MM,OANDA DIVISION1,REAL,MT4,ZMQ,EURUSD
579,2020-10-05 13:35:49.791000,2020-10-05 13:35:49.801000,2020-10-05 13:37:22.638124,10.0,92837.124,92847.124,1.17825,1.17838,MM,OANDA DIVISION1,REAL,MT4,ZMQ,EURUSD
580,2020-10-05 13:35:49.902000,2020-10-05 13:35:49.912000,2020-10-05 13:37:22.672125,10.0,92760.125,92770.125,1.17825,1.17838,MM,OANDA DIVISION1,REAL,MT4,ZMQ,EURUSD
581,2020-10-05 13:35:49.924000,2020-10-05 13:35:49.934000,2020-10-05 13:37:22.706124,10.0,92772.124,92782.124,1.17826,1.17839,MM,OANDA DIVISION1,REAL,MT4,ZMQ,EURUSD
582,2020-10-05 13:35:50.033000,2020-10-05 13:35:50.043000,2020-10-05 13:37:22.741117,10.0,92698.117,92708.117,1.17826,1.17837,MM,OANDA DIVISION1,REAL,MT4,ZMQ,EURUSD
583,2020-10-05 13:35:50.044000,2020-10-05 13:35:50.054000,2020-10-05 13:37:22.776095,10.0,92722.095,92732.095,1.17826,1.17837,MM,OANDA DIVISION1,REAL,MT4,ZMQ,EURUSD
584,2020-10-05 13:35:50.119000,2020-10-05 13:35:50.129000,2020-10-05 13:37:22.812121,10.0,92683.121,92693.121,1.17826,1.17837,MM,OANDA DIVISION1,REAL,MT4,ZMQ,EURUSD
585,2020-10-05 13:35:50.232000,2020-10-05 13:35:50.242000,2020-10-05 13:37:22.849118,10.0,92607.118,92617.118,1.17826,1.17837,MM,OANDA DIVISION1,REAL,MT4,ZMQ,EURUSD
586,2020-10-05 13:35:50.336000,2020-10-05 13:35:50.346000,2020-10-05 13:37:22.884096,10.0,92538.096,92548.096,1.17826,1.17837,MM,OANDA DIVISION1,REAL,MT4,ZMQ,EURUSD
587,2020-10-05 13:35:50.447000,2020-10-05 13:35:50.457000,2020-10-05 13:37:22.928130,10.0,92471.13,92481.13,1.17826,1.17837,MM,OANDA DIVISION1,REAL,MT4,ZMQ,EURUSD
588,2020-10-05 13:35:50.558000,2020-10-05 13:35:50.568000,2020-10-05 13:37:22.967117,10.0,92399.117,92409.117,1.17826,1.17837,MM,OANDA DIVISION1,REAL,MT4,ZMQ,EURUSD
589,2020-10-05 13:35:50.666000,2020-10-05 13:35:50.676000,2020-10-05 13:37:23.005097,10.0,92329.097,92339.097,1.17826,1.17837,MM,OANDA DIVISION1,REAL,MT4,ZMQ,EURUSD
590,2020-10-05 13:35:50.789000,2020-10-05 13:35:50.799000,2020-10-05 13:37:23.044123,10.0,92245.123,92255.123,1.17826,1.17837,MM,OANDA DIVISION1,REAL,MT4,ZMQ,EURUSD
591,2020-10-05 13:35:50.888000,2020-10-05 13:35:50.898000,2020-10-05 13:37:23.084121,10.0,92186.121,92196.121,1.17826,1.17837,MM,OANDA DIVISION1,REAL,MT4,ZMQ,EURUSD
592,2020-10-05 13:35:50.909000,2020-10-05 13:35:50.919000,2020-10-05 13:37:23.121096,10.0,92202.096,92212.096,1.17825,1.17836,MM,OANDA DIVISION1,REAL,MT4,ZMQ,EURUSD
593,2020-10-05 13:35:50.963000,2020-10-05 13:35:50.973000,2020-10-05 13:37:23.157122,10.0,92184.122,92194.122,1.17822,1.17836,MM,OANDA DIVISION1,REAL,MT4,ZMQ,EURUSD
594,2020-10-05 13:35:50.996600,2020-10-05 13:35:51.006600,2020-10-05 13:37:23.194122,10.0,92187.522,92197.522,1.17822,1.17836,MM,OANDA DIVISION1,REAL,MT4,ZMQ,EURUSD
595,2020-10-05 13:35:51.105000,2020-10-05 13:35:51.115000,2020-10-05 13:37:23.230122,10.0,92115.122,92125.122,1.17822,1.17836,MM,OANDA DIVISION1,REAL,MT4,ZMQ,EURUSD
596,2020-10-05 13:35:51.109000,2020-10-05 13:35:51.119000,2020-10-05 13:37:23.265127,10.0,92146.127,92156.127,1.17824,1.17836,MM,OANDA DIVISION1,REAL,MT4,ZMQ,EURUSD
597,2020-10-05 13:35:51.190000,2020-10-05 13:35:51.200000,2020-10-05 13:37:23.300122,10.0,92100.122,92110.122,1.17824,1.17839,MM,OANDA DIVISION1,REAL,MT4,ZMQ,EURUSD
598,2020-10-05 13:35:51.216000,2020-10-05 13:35:51.226000,2020-10-05 13:37:23.336116,10.0,92110.116,92120.116,1.17824,1.17839,MM,OANDA DIVISION1,REAL,MT4,ZMQ,EURUSD
599,2020-10-05 13:35:51.325000,2020-10-05 13:35:51.335000,2020-10-05 13:37:23.372117,10.0,92037.117,92047.117,1.17824,1.17839,MM,OANDA DIVISION1,REAL,MT4,ZMQ,EURUSD
600,2020-10-05 13:35:51.434000,2020-10-05 13:35:51.444000,2020-10-05 13:37:23.417097,10.0,91973.097,91983.097,1.17824,1.17839,MM,OANDA DIVISION1,REAL,MT4,ZMQ,EURUSD
601,2020-10-05 13:35:51.540000,2020-10-05 13:35:51.550000,2020-10-05 13:37:23.452121,10.0,91902.121,91912.121,1.17824,1.17839,MM,OANDA DIVISION1,REAL,MT4,ZMQ,EURUSD
602,2020-10-05 13:35:51.652000,2020-10-05 13:35:51.662000,2020-10-05 13:37:23.486096,10.0,91824.096,91834.096,1.17824,1.17839,MM,OANDA DIVISION1,REAL,MT4,ZMQ,EURUSD
603,2020-10-05 13:35:51.776000,2020-10-05 13:35:51.786000,2020-10-05 13:37:23.520098,10.0,91734.098,91744.098,1.17824,1.17839,MM,OANDA DIVISION1,REAL,MT4,ZMQ,EURUSD
604,2020-10-05 13:35:51.868000,2020-10-05 13:35:51.878000,2020-10-05 13:37:23.555122,10.0,91677.122,91687.122,1.17824,1.17839,MM,OANDA DIVISION1,REAL,MT4,ZMQ,EURUSD
605,2020-10-05 13:35:51.979000,2020-10-05 13:35:51.989000,2020-10-05 13:37:23.589122,10.0,91600.122,91610.122,1.17824,1.17839,MM,OANDA DIVISION1,REAL,MT4,ZMQ,EURUSD
606,2020-10-05 13:35:51.996600,2020-10-05 13:35:52.006600,2020-10-05 13:37:23.622122,10.0,91615.522,91625.522,1.17824,1.17837,MM,OANDA DIVISION1,REAL,MT4,ZMQ,EURUSD
