,Creation Time,Terminal Time,Current Time,Creation-Terminal Time,Terminal-Current Time,Creation-Current Time,Bid,Ask,TypeBroker,BrokerName,DR,Terminal,Protocol,Period,Symbol,Ask_Diff,Bid_Diff,UP,Spread,OpeningTime,ClosingTime
0,2021-03-11 08:20:34.540000,2021-03-11 08:20:34.540000,2021-03-11 08:20:37.930624,0.0,3390.6240000000007,3390.6240000000007,1.19441,1.19457,MM,Dom Maklerski Banku Ochrony Srodowiska S.A.,DEMO,MT4,ZMQ,60,EURUSD,0.0,0.0,0,0.00016,200.0,200.0
1,2021-03-11 08:20:34.649000,2021-03-11 08:20:34.649000,2021-03-11 08:20:37.961840,0.0,3312.84,3312.84,1.19441,1.19457,MM,Dom Maklerski Banku Ochrony Srodowiska S.A.,DEMO,MT4,ZMQ,60,EURUSD,0.0,0.0,0,0.00016,200.0,200.0
2,2021-03-11 08:20:34.758000,2021-03-11 08:20:34.758000,2021-03-11 08:20:38.008720,0.0,3250.72,3250.72,1.19441,1.19457,MM,Dom Maklerski Banku Ochrony Srodowiska S.A.,DEMO,MT4,ZMQ,60,EURUSD,0.0,0.0,0,0.00016,200.0,200.0
3,2021-03-11 08:20:34.868000,2021-03-11 08:20:34.868000,2021-03-11 08:20:38.039970,0.0,3171.97,3171.97,1.19441,1.19457,MM,Dom Maklerski Banku Ochrony Srodowiska S.A.,DEMO,MT4,ZMQ,60,EURUSD,0.0,0.0,0,0.00016,200.0,200.0
4,2021-03-11 08:20:34.977000,2021-03-11 08:20:34.977000,2021-03-11 08:20:38.086819,0.0,3109.8190000000004,3109.8190000000004,1.19441,1.19457,MM,Dom Maklerski Banku Ochrony Srodowiska S.A.,DEMO,MT4,ZMQ,60,EURUSD,0.0,0.0,0,0.00016,200.0,200.0
5,2021-03-11 08:20:35.086000,2021-03-11 08:20:35.086000,2021-03-11 08:20:38.118095,0.0,3032.095,3032.095,1.19441,1.19457,MM,Dom Maklerski Banku Ochrony Srodowiska S.A.,DEMO,MT4,ZMQ,60,EURUSD,0.0,0.0,0,0.00016,200.0,200.0
6,2021-03-11 08:20:35.196000,2021-03-11 08:20:35.196000,2021-03-11 08:20:38.164946,0.0,2968.946,2968.946,1.19441,1.19457,MM,Dom Maklerski Banku Ochrony Srodowiska S.A.,DEMO,MT4,ZMQ,60,EURUSD,0.0,0.0,0,0.00016,200.0,200.0
7,2021-03-11 08:20:35.305000,2021-03-11 08:20:35.305000,2021-03-11 08:20:38.196195,0.0,2891.195,2891.195,1.19441,1.19457,MM,Dom Maklerski Banku Ochrony Srodowiska S.A.,DEMO,MT4,ZMQ,60,EURUSD,0.0,0.0,0,0.00016,200.0,200.0
8,2021-03-11 08:20:35.414000,2021-03-11 08:20:35.414000,2021-03-11 08:20:38.243094,0.0,2829.094,2829.094,1.19441,1.19457,MM,Dom Maklerski Banku Ochrony Srodowiska S.A.,DEMO,MT4,ZMQ,60,EURUSD,0.0,0.0,0,0.00016,200.0,200.0
9,2021-03-11 08:20:35.524000,2021-03-11 08:20:35.524000,2021-03-11 08:20:38.289972,0.0,2765.972,2765.972,1.19441,1.19457,MM,Dom Maklerski Banku Ochrony Srodowiska S.A.,DEMO,MT4,ZMQ,60,EURUSD,0.0,0.0,0,0.00016,200.0,200.0
10,2021-03-11 08:20:35.633000,2021-03-11 08:20:35.633000,2021-03-11 08:20:38.321220,0.0,2688.22,2688.22,1.19441,1.19457,MM,Dom Maklerski Banku Ochrony Srodowiska S.A.,DEMO,MT4,ZMQ,60,EURUSD,0.0,0.0,0,0.00016,200.0,200.0
11,2021-03-11 08:20:35.743000,2021-03-11 08:20:35.743000,2021-03-11 08:20:38.368094,0.0,2625.094,2625.094,1.19441,1.19457,MM,Dom Maklerski Banku Ochrony Srodowiska S.A.,DEMO,MT4,ZMQ,60,EURUSD,0.0,0.0,0,0.00016,200.0,200.0
12,2021-03-11 08:20:35.852000,2021-03-11 08:20:35.852000,2021-03-11 08:20:38.399344,0.0,2547.344,2547.344,1.19441,1.19457,MM,Dom Maklerski Banku Ochrony Srodowiska S.A.,DEMO,MT4,ZMQ,60,EURUSD,0.0,0.0,0,0.00016,200.0,200.0
13,2021-03-11 08:20:35.961000,2021-03-11 08:20:35.961000,2021-03-11 08:20:38.446222,0.0,2485.222,2485.222,1.19441,1.19457,MM,Dom Maklerski Banku Ochrony Srodowiska S.A.,DEMO,MT4,ZMQ,60,EURUSD,0.0,0.0,0,0.00016,200.0,200.0
14,2021-03-11 08:20:36.071000,2021-03-11 08:20:36.071000,2021-03-11 08:20:38.477470,0.0,2406.47,2406.47,1.19441,1.19457,MM,Dom Maklerski Banku Ochrony Srodowiska S.A.,DEMO,MT4,ZMQ,60,EURUSD,0.0,0.0,0,0.00016,200.0,200.0
15,2021-03-11 08:20:36.180000,2021-03-11 08:20:36.180000,2021-03-11 08:20:38.524321,0.0,2344.321,2344.321,1.19441,1.19457,MM,Dom Maklerski Banku Ochrony Srodowiska S.A.,DEMO,MT4,ZMQ,60,EURUSD,0.0,0.0,0,0.00016,200.0,200.0
16,2021-03-11 08:20:36.290000,2021-03-11 08:20:36.290000,2021-03-11 08:20:38.555595,0.0,2265.595,2265.595,1.19441,1.19457,MM,Dom Maklerski Banku Ochrony Srodowiska S.A.,DEMO,MT4,ZMQ,60,EURUSD,0.0,0.0,0,0.00016,200.0,200.0
17,2021-03-11 08:20:36.399000,2021-03-11 08:20:36.399000,2021-03-11 08:20:38.602470,0.0,2203.47,2203.47,1.19441,1.19457,MM,Dom Maklerski Banku Ochrony Srodowiska S.A.,DEMO,MT4,ZMQ,60,EURUSD,0.0,0.0,0,0.00016,200.0,200.0
18,2021-03-11 08:20:36.508000,2021-03-11 08:20:36.508000,2021-03-11 08:20:38.633720,0.0,2125.72,2125.72,1.19441,1.19457,MM,Dom Maklerski Banku Ochrony Srodowiska S.A.,DEMO,MT4,ZMQ,60,EURUSD,0.0,0.0,0,0.00016,200.0,200.0
19,2021-03-11 08:20:36.618000,2021-03-11 08:20:36.618000,2021-03-11 08:20:38.680595,0.0,2062.595,2062.595,1.19441,1.19457,MM,Dom Maklerski Banku Ochrony Srodowiska S.A.,DEMO,MT4,ZMQ,60,EURUSD,0.0,0.0,0,0.00016,200.0,200.0
20,2021-03-11 08:20:36.727000,2021-03-11 08:20:36.727000,2021-03-11 08:20:38.711821,0.0,1984.821,1984.821,1.19441,1.19457,MM,Dom Maklerski Banku Ochrony Srodowiska S.A.,DEMO,MT4,ZMQ,60,EURUSD,0.0,0.0,0,0.00016,200.0,200.0
21,2021-03-11 08:20:36.836000,2021-03-11 08:20:36.836000,2021-03-11 08:20:38.758725,0.0,1922.725,1922.725,1.19441,1.19457,MM,Dom Maklerski Banku Ochrony Srodowiska S.A.,DEMO,MT4,ZMQ,60,EURUSD,0.0,0.0,0,0.00016,200.0,200.0
22,2021-03-11 08:20:36.946000,2021-03-11 08:20:36.946000,2021-03-11 08:20:38.789970,0.0,1843.97,1843.97,1.19441,1.19457,MM,Dom Maklerski Banku Ochrony Srodowiska S.A.,DEMO,MT4,ZMQ,60,EURUSD,0.0,0.0,0,0.00016,200.0,200.0
23,2021-03-11 08:20:37.055000,2021-03-11 08:20:37.055000,2021-03-11 08:20:38.836845,0.0,1781.845,1781.845,1.19441,1.19457,MM,Dom Maklerski Banku Ochrony Srodowiska S.A.,DEMO,MT4,ZMQ,60,EURUSD,0.0,0.0,0,0.00016,200.0,200.0
24,2021-03-11 08:20:37.165000,2021-03-11 08:20:37.165000,2021-03-11 08:20:38.868097,0.0,1703.0970000000002,1703.0970000000002,1.1943700000000002,1.19453,MM,Dom Maklerski Banku Ochrony Srodowiska S.A.,DEMO,MT4,ZMQ,60,EURUSD,-3.9999999999817966e-05,-4.000000000004e-05,-1,0.00016,200.0,200.0
25,2021-03-11 08:20:37.180000,2021-03-11 08:20:37.180000,2021-03-11 08:20:38.914970,0.0,1734.97,1734.97,1.1943700000000002,1.19453,MM,Dom Maklerski Banku Ochrony Srodowiska S.A.,DEMO,MT4,ZMQ,60,EURUSD,0.0,0.0,0,0.00016,200.0,200.0
26,2021-03-11 08:20:37.305000,2021-03-11 08:20:37.305000,2021-03-11 08:20:38.946223,0.0,1641.223,1641.223,1.1943700000000002,1.19453,MM,Dom Maklerski Banku Ochrony Srodowiska S.A.,DEMO,MT4,ZMQ,60,EURUSD,0.0,0.0,0,0.00016,200.0,200.0
27,2021-03-11 08:20:37.383000,2021-03-11 08:20:37.383000,2021-03-11 08:20:38.993097,0.0,1610.0970000000002,1610.0970000000002,1.1943700000000002,1.19453,MM,Dom Maklerski Banku Ochrony Srodowiska S.A.,DEMO,MT4,ZMQ,60,EURUSD,0.0,0.0,0,0.00016,200.0,200.0
28,2021-03-11 08:20:37.493000,2021-03-11 08:20:37.493000,2021-03-11 08:20:39.024346,0.0,1531.346,1531.346,1.1943700000000002,1.19453,MM,Dom Maklerski Banku Ochrony Srodowiska S.A.,DEMO,MT4,ZMQ,60,EURUSD,0.0,0.0,0,0.00016,200.0,200.0
29,2021-03-11 08:20:37.586000,2021-03-11 08:20:37.586000,2021-03-11 08:20:39.071194,0.0,1485.194,1485.194,1.19443,1.19459,MM,Dom Maklerski Banku Ochrony Srodowiska S.A.,DEMO,MT4,ZMQ,60,EURUSD,5.9999999999948976e-05,6.000000000017105e-05,1,0.00016,200.0,200.0
30,2021-03-11 08:20:37.602000,2021-03-11 08:20:37.602000,2021-03-11 08:20:39.118069,0.0,1516.069,1516.069,1.19443,1.19459,MM,Dom Maklerski Banku Ochrony Srodowiska S.A.,DEMO,MT4,ZMQ,60,EURUSD,0.0,0.0,0,0.00016,200.0,200.0
31,2021-03-11 08:20:37.711000,2021-03-11 08:20:37.711000,2021-03-11 08:20:39.149319,0.0,1438.319,1438.319,1.19443,1.19459,MM,Dom Maklerski Banku Ochrony Srodowiska S.A.,DEMO,MT4,ZMQ,60,EURUSD,0.0,0.0,0,0.00016,200.0,200.0
32,2021-03-11 08:20:37.821000,2021-03-11 08:20:37.821000,2021-03-11 08:20:39.196218,0.0,1375.2179999999996,1375.2179999999996,1.19443,1.19459,MM,Dom Maklerski Banku Ochrony Srodowiska S.A.,DEMO,MT4,ZMQ,60,EURUSD,0.0,0.0,0,0.00016,200.0,200.0
33,2021-03-11 08:20:37.930000,2021-03-11 08:20:37.930000,2021-03-11 08:20:39.227470,0.0,1297.47,1297.47,1.19443,1.19459,MM,Dom Maklerski Banku Ochrony Srodowiska S.A.,DEMO,MT4,ZMQ,60,EURUSD,0.0,0.0,0,0.00016,200.0,200.0
34,2021-03-11 08:20:38.039000,2021-03-11 08:20:38.039000,2021-03-11 08:20:39.274345,0.0,1235.345,1235.345,1.19443,1.19459,MM,Dom Maklerski Banku Ochrony Srodowiska S.A.,DEMO,MT4,ZMQ,60,EURUSD,0.0,0.0,0,0.00016,200.0,200.0
35,2021-03-11 08:20:38.149000,2021-03-11 08:20:38.149000,2021-03-11 08:20:39.305594,0.0,1156.594,1156.594,1.19443,1.19459,MM,Dom Maklerski Banku Ochrony Srodowiska S.A.,DEMO,MT4,ZMQ,60,EURUSD,0.0,0.0,0,0.00016,200.0,200.0
36,2021-03-11 08:20:38.258000,2021-03-11 08:20:38.258000,2021-03-11 08:20:39.352469,0.0,1094.469,1094.469,1.19443,1.19459,MM,Dom Maklerski Banku Ochrony Srodowiska S.A.,DEMO,MT4,ZMQ,60,EURUSD,0.0,0.0,0,0.00016,200.0,200.0
37,2021-03-11 08:20:38.368000,2021-03-11 08:20:38.368000,2021-03-11 08:20:39.383694,0.0,1015.694,1015.694,1.19443,1.19459,MM,Dom Maklerski Banku Ochrony Srodowiska S.A.,DEMO,MT4,ZMQ,60,EURUSD,0.0,0.0,0,0.00016,200.0,200.0
38,2021-03-11 08:20:38.414000,2021-03-11 08:20:38.414000,2021-03-11 08:20:39.430594,0.0,1016.594,1016.594,1.1943700000000002,1.19453,MM,Dom Maklerski Banku Ochrony Srodowiska S.A.,DEMO,MT4,ZMQ,60,EURUSD,-5.9999999999948976e-05,-6.000000000017105e-05,-1,0.00016,200.0,200.0
39,2021-03-11 08:20:38.477000,2021-03-11 08:20:38.477000,2021-03-11 08:20:39.461847,0.0,984.847,984.847,1.1943700000000002,1.19453,MM,Dom Maklerski Banku Ochrony Srodowiska S.A.,DEMO,MT4,ZMQ,60,EURUSD,0.0,0.0,0,0.00016,200.0,200.0
40,2021-03-11 08:20:38.586000,2021-03-11 08:20:38.586000,2021-03-11 08:20:39.508720,0.0,922.72,922.72,1.1943700000000002,1.19453,MM,Dom Maklerski Banku Ochrony Srodowiska S.A.,DEMO,MT4,ZMQ,60,EURUSD,0.0,0.0,0,0.00016,200.0,200.0
41,2021-03-11 08:20:38.696000,2021-03-11 08:20:38.696000,2021-03-11 08:20:39.539945,0.0,843.945,843.945,1.1943700000000002,1.19453,MM,Dom Maklerski Banku Ochrony Srodowiska S.A.,DEMO,MT4,ZMQ,60,EURUSD,0.0,0.0,0,0.00016,200.0,200.0
42,2021-03-11 08:20:38.805000,2021-03-11 08:20:38.805000,2021-03-11 08:20:39.586845,0.0,781.845,781.845,1.1943700000000002,1.19453,MM,Dom Maklerski Banku Ochrony Srodowiska S.A.,DEMO,MT4,ZMQ,60,EURUSD,0.0,0.0,0,0.00016,200.0,200.0
43,2021-03-11 08:20:38.914000,2021-03-11 08:20:38.914000,2021-03-11 08:20:39.633695,0.0,719.695,719.695,1.1943700000000002,1.19453,MM,Dom Maklerski Banku Ochrony Srodowiska S.A.,DEMO,MT4,ZMQ,60,EURUSD,0.0,0.0,0,0.00016,200.0,200.0
44,2021-03-11 08:20:39.024000,2021-03-11 08:20:39.024000,2021-03-11 08:20:39.664969,0.0,640.969,640.969,1.1943700000000002,1.19453,MM,Dom Maklerski Banku Ochrony Srodowiska S.A.,DEMO,MT4,ZMQ,60,EURUSD,0.0,0.0,0,0.00016,200.0,200.0
45,2021-03-11 08:20:39.133000,2021-03-11 08:20:39.133000,2021-03-11 08:20:39.711840,0.0,578.84,578.84,1.1943700000000002,1.19453,MM,Dom Maklerski Banku Ochrony Srodowiska S.A.,DEMO,MT4,ZMQ,60,EURUSD,0.0,0.0,0,0.00016,200.0,200.0
46,2021-03-11 08:20:39.243000,2021-03-11 08:20:39.243000,2021-03-11 08:20:39.758695,0.0,515.695,515.695,1.1943700000000002,1.19453,MM,Dom Maklerski Banku Ochrony Srodowiska S.A.,DEMO,MT4,ZMQ,60,EURUSD,0.0,0.0,0,0.00016,200.0,200.0
47,2021-03-11 08:20:39.352000,2021-03-11 08:20:39.352000,2021-03-11 08:20:39.789945,0.0,437.945,437.945,1.1943700000000002,1.19453,MM,Dom Maklerski Banku Ochrony Srodowiska S.A.,DEMO,MT4,ZMQ,60,EURUSD,0.0,0.0,0,0.00016,200.0,200.0
48,2021-03-11 08:20:39.461000,2021-03-11 08:20:39.461000,2021-03-11 08:20:39.836820,0.0,375.82,375.82,1.1943700000000002,1.19453,MM,Dom Maklerski Banku Ochrony Srodowiska S.A.,DEMO,MT4,ZMQ,60,EURUSD,0.0,0.0,0,0.00016,200.0,200.0
49,2021-03-11 08:20:39.571000,2021-03-11 08:20:39.571000,2021-03-11 08:20:39.883694,0.0,312.694,312.694,1.1943700000000002,1.19453,MM,Dom Maklerski Banku Ochrony Srodowiska S.A.,DEMO,MT4,ZMQ,60,EURUSD,0.0,0.0,0,0.00016,200.0,200.0
50,2021-03-11 08:20:39.680000,2021-03-11 08:20:39.680000,2021-03-11 08:20:39.914945,0.0,234.945,234.945,1.1943700000000002,1.19453,MM,Dom Maklerski Banku Ochrony Srodowiska S.A.,DEMO,MT4,ZMQ,60,EURUSD,0.0,0.0,0,0.00016,200.0,200.0
51,2021-03-11 08:20:39.789000,2021-03-11 08:20:39.789000,2021-03-11 08:20:39.961820,0.0,172.82,172.82,1.1943700000000002,1.19453,MM,Dom Maklerski Banku Ochrony Srodowiska S.A.,DEMO,MT4,ZMQ,60,EURUSD,0.0,0.0,0,0.00016,200.0,200.0
52,2021-03-11 08:20:39.899000,2021-03-11 08:20:39.899000,2021-03-11 08:20:40.008695,0.0,109.695,109.695,1.1943700000000002,1.19453,MM,Dom Maklerski Banku Ochrony Srodowiska S.A.,DEMO,MT4,ZMQ,60,EURUSD,0.0,0.0,0,0.00016,200.0,200.0
53,2021-03-11 08:20:40.008800,2021-03-11 08:20:40.008800,2021-03-11 08:20:40.039945,0.0,31.145,31.145,1.1943700000000002,1.19453,MM,Dom Maklerski Banku Ochrony Srodowiska S.A.,DEMO,MT4,ZMQ,60,EURUSD,0.0,0.0,0,0.00016,200.0,200.0
54,2021-03-11 08:20:40.118000,2021-03-11 08:20:40.118000,2021-03-11 08:20:40.118069,0.0,0.069,0.069,1.1943700000000002,1.19453,MM,Dom Maklerski Banku Ochrony Srodowiska S.A.,DEMO,MT4,ZMQ,60,EURUSD,0.0,0.0,0,0.00016,200.0,200.0
55,2021-03-11 08:20:40.227000,2021-03-11 08:20:40.227000,2021-03-11 08:20:40.227444,0.0,0.444,0.444,1.1943700000000002,1.19453,MM,Dom Maklerski Banku Ochrony Srodowiska S.A.,DEMO,MT4,ZMQ,60,EURUSD,0.0,0.0,0,0.00016,200.0,200.0
56,2021-03-11 08:20:40.336000,2021-03-11 08:20:40.336000,2021-03-11 08:20:40.336845,0.0,0.845,0.845,1.1943700000000002,1.19453,MM,Dom Maklerski Banku Ochrony Srodowiska S.A.,DEMO,MT4,ZMQ,60,EURUSD,0.0,0.0,0,0.00016,200.0,200.0
57,2021-03-11 08:20:40.446000,2021-03-11 08:20:40.446000,2021-03-11 08:20:40.446217,0.0,0.217,0.217,1.1943700000000002,1.19453,MM,Dom Maklerski Banku Ochrony Srodowiska S.A.,DEMO,MT4,ZMQ,60,EURUSD,0.0,0.0,0,0.00016,200.0,200.0
58,2021-03-11 08:20:40.555000,2021-03-11 08:20:40.555000,2021-03-11 08:20:40.555595,0.0,0.595,0.595,1.1943700000000002,1.19453,MM,Dom Maklerski Banku Ochrony Srodowiska S.A.,DEMO,MT4,ZMQ,60,EURUSD,0.0,0.0,0,0.00016,200.0,200.0
59,2021-03-11 08:20:40.664000,2021-03-11 08:20:40.664000,2021-03-11 08:20:40.664944,0.0,0.944,0.944,1.1943700000000002,1.19453,MM,Dom Maklerski Banku Ochrony Srodowiska S.A.,DEMO,MT4,ZMQ,60,EURUSD,0.0,0.0,0,0.00016,200.0,200.0
60,2021-03-11 08:20:40.774000,2021-03-11 08:20:40.774000,2021-03-11 08:20:40.774319,0.0,0.319,0.319,1.1943700000000002,1.19453,MM,Dom Maklerski Banku Ochrony Srodowiska S.A.,DEMO,MT4,ZMQ,60,EURUSD,0.0,0.0,0,0.00016,200.0,200.0
61,2021-03-11 08:20:40.883000,2021-03-11 08:20:40.883000,2021-03-11 08:20:40.883693,0.0,0.693,0.693,1.1943700000000002,1.19453,MM,Dom Maklerski Banku Ochrony Srodowiska S.A.,DEMO,MT4,ZMQ,60,EURUSD,0.0,0.0,0,0.00016,200.0,200.0
62,2021-03-11 08:20:40.993000,2021-03-11 08:20:40.993000,2021-03-11 08:20:40.993097,0.0,0.097,0.097,1.1943700000000002,1.19453,MM,Dom Maklerski Banku Ochrony Srodowiska S.A.,DEMO,MT4,ZMQ,60,EURUSD,0.0,0.0,0,0.00016,200.0,200.0
63,2021-03-11 08:20:41.102000,2021-03-11 08:20:41.102000,2021-03-11 08:20:41.102470,0.0,0.47,0.47,1.1943700000000002,1.19453,MM,Dom Maklerski Banku Ochrony Srodowiska S.A.,DEMO,MT4,ZMQ,60,EURUSD,0.0,0.0,0,0.00016,200.0,200.0
64,2021-03-11 08:20:41.211000,2021-03-11 08:20:41.211000,2021-03-11 08:20:41.211850,0.0,0.85,0.85,1.1943700000000002,1.19453,MM,Dom Maklerski Banku Ochrony Srodowiska S.A.,DEMO,MT4,ZMQ,60,EURUSD,0.0,0.0,0,0.00016,200.0,200.0
65,2021-03-11 08:20:41.321000,2021-03-11 08:20:41.321000,2021-03-11 08:20:41.321194,0.0,0.194,0.194,1.1943700000000002,1.19453,MM,Dom Maklerski Banku Ochrony Srodowiska S.A.,DEMO,MT4,ZMQ,60,EURUSD,0.0,0.0,0,0.00016,200.0,200.0
66,2021-03-11 08:20:41.430000,2021-03-11 08:20:41.430000,2021-03-11 08:20:41.430594,0.0,0.594,0.594,1.1943700000000002,1.19453,MM,Dom Maklerski Banku Ochrony Srodowiska S.A.,DEMO,MT4,ZMQ,60,EURUSD,0.0,0.0,0,0.00016,200.0,200.0
67,2021-03-11 08:20:41.539000,2021-03-11 08:20:41.539000,2021-03-11 08:20:41.539944,0.0,0.944,0.944,1.1943700000000002,1.19453,MM,Dom Maklerski Banku Ochrony Srodowiska S.A.,DEMO,MT4,ZMQ,60,EURUSD,0.0,0.0,0,0.00016,200.0,200.0
68,2021-03-11 08:20:41.649000,2021-03-11 08:20:41.649000,2021-03-11 08:20:41.649343,0.0,0.343,0.343,1.1943700000000002,1.19453,MM,Dom Maklerski Banku Ochrony Srodowiska S.A.,DEMO,MT4,ZMQ,60,EURUSD,0.0,0.0,0,0.00016,200.0,200.0
69,2021-03-11 08:20:41.758000,2021-03-11 08:20:41.758000,2021-03-11 08:20:41.758720,0.0,0.72,0.72,1.1943700000000002,1.19453,MM,Dom Maklerski Banku Ochrony Srodowiska S.A.,DEMO,MT4,ZMQ,60,EURUSD,0.0,0.0,0,0.00016,200.0,200.0
70,2021-03-11 08:20:41.868000,2021-03-11 08:20:41.868000,2021-03-11 08:20:41.868097,0.0,0.097,0.097,1.1943700000000002,1.19453,MM,Dom Maklerski Banku Ochrony Srodowiska S.A.,DEMO,MT4,ZMQ,60,EURUSD,0.0,0.0,0,0.00016,200.0,200.0
71,2021-03-11 08:20:41.977000,2021-03-11 08:20:41.977000,2021-03-11 08:20:41.977444,0.0,0.444,0.444,1.1943700000000002,1.19453,MM,Dom Maklerski Banku Ochrony Srodowiska S.A.,DEMO,MT4,ZMQ,60,EURUSD,0.0,0.0,0,0.00016,200.0,200.0
72,2021-03-11 08:20:42.086000,2021-03-11 08:20:42.086000,2021-03-11 08:20:42.086821,0.0,0.821,0.821,1.1943700000000002,1.19453,MM,Dom Maklerski Banku Ochrony Srodowiska S.A.,DEMO,MT4,ZMQ,60,EURUSD,0.0,0.0,0,0.00016,200.0,200.0
73,2021-03-11 08:20:42.196000,2021-03-11 08:20:42.196000,2021-03-11 08:20:42.196222,0.0,0.222,0.222,1.1943700000000002,1.19453,MM,Dom Maklerski Banku Ochrony Srodowiska S.A.,DEMO,MT4,ZMQ,60,EURUSD,0.0,0.0,0,0.00016,200.0,200.0
74,2021-03-11 08:20:42.305000,2021-03-11 08:20:42.305000,2021-03-11 08:20:42.305593,0.0,0.593,0.593,1.1943700000000002,1.19453,MM,Dom Maklerski Banku Ochrony Srodowiska S.A.,DEMO,MT4,ZMQ,60,EURUSD,0.0,0.0,0,0.00016,200.0,200.0
75,2021-03-11 08:20:42.321000,2021-03-11 08:20:42.321000,2021-03-11 08:20:42.336819,0.0,15.819,15.819,1.19442,1.19458,MM,Dom Maklerski Banku Ochrony Srodowiska S.A.,DEMO,MT4,ZMQ,60,EURUSD,4.999999999988347e-05,5.000000000010552e-05,1,0.00016,200.0,200.0
76,2021-03-11 08:20:42.414000,2021-03-11 08:20:42.414000,2021-03-11 08:20:42.414943,0.0,0.943,0.943,1.19442,1.19458,MM,Dom Maklerski Banku Ochrony Srodowiska S.A.,DEMO,MT4,ZMQ,60,EURUSD,0.0,0.0,0,0.00016,200.0,200.0
77,2021-03-11 08:20:42.524000,2021-03-11 08:20:42.524000,2021-03-11 08:20:42.524349,0.0,0.349,0.349,1.19442,1.19458,MM,Dom Maklerski Banku Ochrony Srodowiska S.A.,DEMO,MT4,ZMQ,60,EURUSD,0.0,0.0,0,0.00016,200.0,200.0
78,2021-03-11 08:20:42.633000,2021-03-11 08:20:42.633000,2021-03-11 08:20:42.633719,0.0,0.7190000000000001,0.7190000000000001,1.19442,1.19458,MM,Dom Maklerski Banku Ochrony Srodowiska S.A.,DEMO,MT4,ZMQ,60,EURUSD,0.0,0.0,0,0.00016,200.0,200.0
79,2021-03-11 08:20:42.743000,2021-03-11 08:20:42.743000,2021-03-11 08:20:42.743095,0.0,0.095,0.095,1.19442,1.19458,MM,Dom Maklerski Banku Ochrony Srodowiska S.A.,DEMO,MT4,ZMQ,60,EURUSD,0.0,0.0,0,0.00016,200.0,200.0
80,2021-03-11 08:20:42.852000,2021-03-11 08:20:42.852000,2021-03-11 08:20:42.852443,0.0,0.443,0.443,1.19442,1.19458,MM,Dom Maklerski Banku Ochrony Srodowiska S.A.,DEMO,MT4,ZMQ,60,EURUSD,0.0,0.0,0,0.00016,200.0,200.0
81,2021-03-11 08:20:42.961000,2021-03-11 08:20:42.961000,2021-03-11 08:20:42.961840,0.0,0.84,0.84,1.19442,1.19458,MM,Dom Maklerski Banku Ochrony Srodowiska S.A.,DEMO,MT4,ZMQ,60,EURUSD,0.0,0.0,0,0.00016,200.0,200.0
82,2021-03-11 08:20:43.071000,2021-03-11 08:20:43.071000,2021-03-11 08:20:43.071195,0.0,0.195,0.195,1.19442,1.19458,MM,Dom Maklerski Banku Ochrony Srodowiska S.A.,DEMO,MT4,ZMQ,60,EURUSD,0.0,0.0,0,0.00016,200.0,200.0
83,2021-03-11 08:20:43.180000,2021-03-11 08:20:43.180000,2021-03-11 08:20:43.180596,0.0,0.596,0.596,1.19442,1.19458,MM,Dom Maklerski Banku Ochrony Srodowiska S.A.,DEMO,MT4,ZMQ,60,EURUSD,0.0,0.0,0,0.00016,200.0,200.0
84,2021-03-11 08:20:43.289000,2021-03-11 08:20:43.289000,2021-03-11 08:20:43.289944,0.0,0.944,0.944,1.19442,1.19458,MM,Dom Maklerski Banku Ochrony Srodowiska S.A.,DEMO,MT4,ZMQ,60,EURUSD,0.0,0.0,0,0.00016,200.0,200.0
85,2021-03-11 08:20:43.399000,2021-03-11 08:20:43.399000,2021-03-11 08:20:43.399318,0.0,0.318,0.318,1.19442,1.19458,MM,Dom Maklerski Banku Ochrony Srodowiska S.A.,DEMO,MT4,ZMQ,60,EURUSD,0.0,0.0,0,0.00016,200.0,200.0
86,2021-03-11 08:20:43.508000,2021-03-11 08:20:43.508000,2021-03-11 08:20:43.508719,0.0,0.7190000000000001,0.7190000000000001,1.19442,1.19458,MM,Dom Maklerski Banku Ochrony Srodowiska S.A.,DEMO,MT4,ZMQ,60,EURUSD,0.0,0.0,0,0.00016,200.0,200.0
87,2021-03-11 08:20:43.618000,2021-03-11 08:20:43.618000,2021-03-11 08:20:43.618096,0.0,0.096,0.096,1.19442,1.19458,MM,Dom Maklerski Banku Ochrony Srodowiska S.A.,DEMO,MT4,ZMQ,60,EURUSD,0.0,0.0,0,0.00016,200.0,200.0
88,2021-03-11 08:20:43.727000,2021-03-11 08:20:43.727000,2021-03-11 08:20:43.727470,0.0,0.47,0.47,1.19442,1.19458,MM,Dom Maklerski Banku Ochrony Srodowiska S.A.,DEMO,MT4,ZMQ,60,EURUSD,0.0,0.0,0,0.00016,200.0,200.0
89,2021-03-11 08:20:43.836000,2021-03-11 08:20:43.836000,2021-03-11 08:20:43.836846,0.0,0.846,0.846,1.19442,1.19458,MM,Dom Maklerski Banku Ochrony Srodowiska S.A.,DEMO,MT4,ZMQ,60,EURUSD,0.0,0.0,0,0.00016,200.0,200.0
90,2021-03-11 08:20:43.946000,2021-03-11 08:20:43.946000,2021-03-11 08:20:43.946229,0.0,0.229,0.229,1.19442,1.19458,MM,Dom Maklerski Banku Ochrony Srodowiska S.A.,DEMO,MT4,ZMQ,60,EURUSD,0.0,0.0,0,0.00016,200.0,200.0
91,2021-03-11 08:20:44.055000,2021-03-11 08:20:44.055000,2021-03-11 08:20:44.055569,0.0,0.569,0.569,1.19442,1.19458,MM,Dom Maklerski Banku Ochrony Srodowiska S.A.,DEMO,MT4,ZMQ,60,EURUSD,0.0,0.0,0,0.00016,200.0,200.0
92,2021-03-11 08:20:44.164000,2021-03-11 08:20:44.164000,2021-03-11 08:20:44.164970,0.0,0.97,0.97,1.19442,1.19458,MM,Dom Maklerski Banku Ochrony Srodowiska S.A.,DEMO,MT4,ZMQ,60,EURUSD,0.0,0.0,0,0.00016,200.0,200.0
93,2021-03-11 08:20:44.274000,2021-03-11 08:20:44.274000,2021-03-11 08:20:44.274319,0.0,0.319,0.319,1.19442,1.19458,MM,Dom Maklerski Banku Ochrony Srodowiska S.A.,DEMO,MT4,ZMQ,60,EURUSD,0.0,0.0,0,0.00016,200.0,200.0
94,2021-03-11 08:20:44.383000,2021-03-11 08:20:44.383000,2021-03-11 08:20:44.383719,0.0,0.7190000000000001,0.7190000000000001,1.19442,1.19458,MM,Dom Maklerski Banku Ochrony Srodowiska S.A.,DEMO,MT4,ZMQ,60,EURUSD,0.0,0.0,0,0.00016,200.0,200.0
95,2021-03-11 08:20:44.493000,2021-03-11 08:20:44.493000,2021-03-11 08:20:44.493095,0.0,0.095,0.095,1.19442,1.19458,MM,Dom Maklerski Banku Ochrony Srodowiska S.A.,DEMO,MT4,ZMQ,60,EURUSD,0.0,0.0,0,0.00016,200.0,200.0
96,2021-03-11 08:20:44.602000,2021-03-11 08:20:44.602000,2021-03-11 08:20:44.602443,0.0,0.443,0.443,1.19442,1.19458,MM,Dom Maklerski Banku Ochrony Srodowiska S.A.,DEMO,MT4,ZMQ,60,EURUSD,0.0,0.0,0,0.00016,200.0,200.0
97,2021-03-11 08:20:44.711000,2021-03-11 08:20:44.711000,2021-03-11 08:20:44.711819,0.0,0.8190000000000001,0.8190000000000001,1.19442,1.19458,MM,Dom Maklerski Banku Ochrony Srodowiska S.A.,DEMO,MT4,ZMQ,60,EURUSD,0.0,0.0,0,0.00016,200.0,200.0
98,2021-03-11 08:20:44.821000,2021-03-11 08:20:44.821000,2021-03-11 08:20:44.821220,0.0,0.22,0.22,1.19442,1.19458,MM,Dom Maklerski Banku Ochrony Srodowiska S.A.,DEMO,MT4,ZMQ,60,EURUSD,0.0,0.0,0,0.00016,200.0,200.0
99,2021-03-11 08:20:44.930000,2021-03-11 08:20:44.930000,2021-03-11 08:20:44.930569,0.0,0.569,0.569,1.19442,1.19458,MM,Dom Maklerski Banku Ochrony Srodowiska S.A.,DEMO,MT4,ZMQ,60,EURUSD,0.0,0.0,0,0.00016,200.0,200.0
100,2021-03-11 10:52:52.759000,2021-03-11 10:52:52.759000,2021-03-11 10:53:06.006043,0.0,13247.043,13247.043,1.19647,1.19663,MM,Dom Maklerski Banku Ochrony Srodowiska S.A.,DEMO,MT4,ZMQ,60,EURUSD,0.0,0.0,0,0.00016,118.3157894736842,200.0
101,2021-03-11 10:52:52.869000,2021-03-11 10:52:52.869000,2021-03-11 10:53:06.037299,0.0,13168.299,13168.299,1.19647,1.19663,MM,Dom Maklerski Banku Ochrony Srodowiska S.A.,DEMO,MT4,ZMQ,60,EURUSD,0.0,0.0,0,0.00016,118.3157894736842,200.0
102,2021-03-11 10:52:52.978000,2021-03-11 10:52:52.978000,2021-03-11 10:53:06.084167,0.0,13106.167,13106.167,1.19647,1.19663,MM,Dom Maklerski Banku Ochrony Srodowiska S.A.,DEMO,MT4,ZMQ,60,EURUSD,0.0,0.0,0,0.00016,118.3157894736842,200.0
103,2021-03-11 10:52:53.087000,2021-03-11 10:52:53.087000,2021-03-11 10:53:06.131041,0.0,13044.041,13044.041,1.19647,1.19663,MM,Dom Maklerski Banku Ochrony Srodowiska S.A.,DEMO,MT4,ZMQ,60,EURUSD,0.0,0.0,0,0.00016,118.3157894736842,200.0
104,2021-03-11 10:52:53.197000,2021-03-11 10:52:53.197000,2021-03-11 10:53:06.162265,0.0,12965.265,12965.265,1.19647,1.19663,MM,Dom Maklerski Banku Ochrony Srodowiska S.A.,DEMO,MT4,ZMQ,60,EURUSD,0.0,0.0,0,0.00016,118.3157894736842,200.0
105,2021-03-11 10:52:53.306000,2021-03-11 10:52:53.306000,2021-03-11 10:53:06.209143,0.0,12903.143,12903.143,1.19647,1.19663,MM,Dom Maklerski Banku Ochrony Srodowiska S.A.,DEMO,MT4,ZMQ,60,EURUSD,0.0,0.0,0,0.00016,118.3157894736842,200.0
106,2021-03-11 10:52:53.462000,2021-03-11 10:52:53.462000,2021-03-11 10:53:06.256018,0.0,12794.018,12794.018,1.19647,1.19663,MM,Dom Maklerski Banku Ochrony Srodowiska S.A.,DEMO,MT4,ZMQ,60,EURUSD,0.0,0.0,0,0.00016,118.3157894736842,200.0
107,2021-03-11 10:52:53.525000,2021-03-11 10:52:53.525000,2021-03-11 10:53:06.287265,0.0,12762.265,12762.265,1.19647,1.19663,MM,Dom Maklerski Banku Ochrony Srodowiska S.A.,DEMO,MT4,ZMQ,60,EURUSD,0.0,0.0,0,0.00016,118.3157894736842,200.0
108,2021-03-11 10:52:53.634000,2021-03-11 10:52:53.634000,2021-03-11 10:53:06.343602,0.0,12709.602,12709.602,1.19647,1.19663,MM,Dom Maklerski Banku Ochrony Srodowiska S.A.,DEMO,MT4,ZMQ,60,EURUSD,0.0,0.0,0,0.00016,118.3157894736842,200.0
109,2021-03-11 10:52:53.744000,2021-03-11 10:52:53.744000,2021-03-11 10:53:06.384601,0.0,12640.601,12640.601,1.19647,1.19663,MM,Dom Maklerski Banku Ochrony Srodowiska S.A.,DEMO,MT4,ZMQ,60,EURUSD,0.0,0.0,0,0.00016,118.3157894736842,200.0
110,2021-03-11 10:52:53.853000,2021-03-11 10:52:53.853000,2021-03-11 10:53:06.427582,0.0,12574.582,12574.582,1.19647,1.19663,MM,Dom Maklerski Banku Ochrony Srodowiska S.A.,DEMO,MT4,ZMQ,60,EURUSD,0.0,0.0,0,0.00016,118.3157894736842,200.0
111,2021-03-11 10:52:53.962000,2021-03-11 10:52:53.962000,2021-03-11 10:53:06.468608,0.0,12506.608,12506.608,1.19647,1.19663,MM,Dom Maklerski Banku Ochrony Srodowiska S.A.,DEMO,MT4,ZMQ,60,EURUSD,0.0,0.0,0,0.00016,118.3157894736842,200.0
112,2021-03-11 10:52:54.072000,2021-03-11 10:52:54.072000,2021-03-11 10:53:06.509608,0.0,12437.608,12437.608,1.19647,1.19663,MM,Dom Maklerski Banku Ochrony Srodowiska S.A.,DEMO,MT4,ZMQ,60,EURUSD,0.0,0.0,0,0.00016,118.3157894736842,200.0
113,2021-03-11 10:52:54.181000,2021-03-11 10:52:54.181000,2021-03-11 10:53:06.550607,0.0,12369.607,12369.607,1.19647,1.19663,MM,Dom Maklerski Banku Ochrony Srodowiska S.A.,DEMO,MT4,ZMQ,60,EURUSD,0.0,0.0,0,0.00016,118.3157894736842,200.0
114,2021-03-11 10:52:54.291000,2021-03-11 10:52:54.291000,2021-03-11 10:53:06.591583,0.0,12300.583,12300.583,1.19647,1.19663,MM,Dom Maklerski Banku Ochrony Srodowiska S.A.,DEMO,MT4,ZMQ,60,EURUSD,0.0,0.0,0,0.00016,118.3157894736842,200.0
115,2021-03-11 10:52:54.400000,2021-03-11 10:52:54.400000,2021-03-11 10:53:06.632608,0.0,12232.608,12232.608,1.19647,1.19663,MM,Dom Maklerski Banku Ochrony Srodowiska S.A.,DEMO,MT4,ZMQ,60,EURUSD,0.0,0.0,0,0.00016,118.3157894736842,200.0
116,2021-03-11 10:52:54.509000,2021-03-11 10:52:54.509000,2021-03-11 10:53:06.673604,0.0,12164.604,12164.604,1.19647,1.19663,MM,Dom Maklerski Banku Ochrony Srodowiska S.A.,DEMO,MT4,ZMQ,60,EURUSD,0.0,0.0,0,0.00016,118.3157894736842,200.0
117,2021-03-11 10:52:54.619000,2021-03-11 10:52:54.619000,2021-03-11 10:53:06.713608,0.0,12094.608,12094.608,1.19647,1.19663,MM,Dom Maklerski Banku Ochrony Srodowiska S.A.,DEMO,MT4,ZMQ,60,EURUSD,0.0,0.0,0,0.00016,118.3157894736842,200.0
118,2021-03-11 10:52:54.728000,2021-03-11 10:52:54.728000,2021-03-11 10:53:06.755608,0.0,12027.608,12027.608,1.19647,1.19663,MM,Dom Maklerski Banku Ochrony Srodowiska S.A.,DEMO,MT4,ZMQ,60,EURUSD,0.0,0.0,0,0.00016,118.3157894736842,200.0
119,2021-03-11 10:52:54.837000,2021-03-11 10:52:54.837000,2021-03-11 10:53:06.796608,0.0,11959.608,11959.608,1.19647,1.19663,MM,Dom Maklerski Banku Ochrony Srodowiska S.A.,DEMO,MT4,ZMQ,60,EURUSD,0.0,0.0,0,0.00016,118.3157894736842,200.0
120,2021-03-11 10:52:54.947000,2021-03-11 10:52:54.947000,2021-03-11 10:53:06.836608,0.0,11889.608,11889.608,1.19647,1.19663,MM,Dom Maklerski Banku Ochrony Srodowiska S.A.,DEMO,MT4,ZMQ,60,EURUSD,0.0,0.0,0,0.00016,118.3157894736842,200.0
121,2021-03-11 10:52:55.056000,2021-03-11 10:52:55.056000,2021-03-11 10:53:06.876608,0.0,11820.608,11820.608,1.19647,1.19663,MM,Dom Maklerski Banku Ochrony Srodowiska S.A.,DEMO,MT4,ZMQ,60,EURUSD,0.0,0.0,0,0.00016,118.3157894736842,200.0
122,2021-03-11 10:52:55.166000,2021-03-11 10:52:55.166000,2021-03-11 10:53:06.916608,0.0,11750.608,11750.608,1.19647,1.19663,MM,Dom Maklerski Banku Ochrony Srodowiska S.A.,DEMO,MT4,ZMQ,60,EURUSD,0.0,0.0,0,0.00016,118.3157894736842,200.0
123,2021-03-11 10:52:55.275000,2021-03-11 10:52:55.275000,2021-03-11 10:53:06.956608,0.0,11681.608,11681.608,1.19647,1.19663,MM,Dom Maklerski Banku Ochrony Srodowiska S.A.,DEMO,MT4,ZMQ,60,EURUSD,0.0,0.0,0,0.00016,118.3157894736842,200.0
124,2021-03-11 10:52:55.384000,2021-03-11 10:52:55.384000,2021-03-11 10:53:06.998583,0.0,11614.583,11614.583,1.19647,1.19663,MM,Dom Maklerski Banku Ochrony Srodowiska S.A.,DEMO,MT4,ZMQ,60,EURUSD,0.0,0.0,0,0.00016,118.3157894736842,200.0
125,2021-03-11 10:52:55.494000,2021-03-11 10:52:55.494000,2021-03-11 10:53:07.039582,0.0,11545.582,11545.582,1.19647,1.19663,MM,Dom Maklerski Banku Ochrony Srodowiska S.A.,DEMO,MT4,ZMQ,60,EURUSD,0.0,0.0,0,0.00016,118.3157894736842,200.0
126,2021-03-11 10:52:55.603000,2021-03-11 10:52:55.603000,2021-03-11 10:53:07.079584,0.0,11476.584,11476.584,1.19647,1.19663,MM,Dom Maklerski Banku Ochrony Srodowiska S.A.,DEMO,MT4,ZMQ,60,EURUSD,0.0,0.0,0,0.00016,118.3157894736842,200.0
127,2021-03-11 10:52:55.713000,2021-03-11 10:52:55.713000,2021-03-11 10:53:07.120609,0.0,11407.609,11407.609,1.19647,1.19663,MM,Dom Maklerski Banku Ochrony Srodowiska S.A.,DEMO,MT4,ZMQ,60,EURUSD,0.0,0.0,0,0.00016,118.3157894736842,200.0
128,2021-03-11 10:52:55.822000,2021-03-11 10:52:55.822000,2021-03-11 10:53:07.161602,0.0,11339.602,11339.602,1.19647,1.19663,MM,Dom Maklerski Banku Ochrony Srodowiska S.A.,DEMO,MT4,ZMQ,60,EURUSD,0.0,0.0,0,0.00016,118.3157894736842,200.0
129,2021-03-11 10:52:55.931000,2021-03-11 10:52:55.931000,2021-03-11 10:53:07.204583,0.0,11273.583,11273.583,1.19647,1.19663,MM,Dom Maklerski Banku Ochrony Srodowiska S.A.,DEMO,MT4,ZMQ,60,EURUSD,0.0,0.0,0,0.00016,118.3157894736842,200.0
130,2021-03-11 10:52:56.041000,2021-03-11 10:52:56.041000,2021-03-11 10:53:07.245581,0.0,11204.581,11204.581,1.19647,1.19663,MM,Dom Maklerski Banku Ochrony Srodowiska S.A.,DEMO,MT4,ZMQ,60,EURUSD,0.0,0.0,0,0.00016,118.3157894736842,200.0
131,2021-03-11 10:52:56.150000,2021-03-11 10:52:56.150000,2021-03-11 10:53:07.287601,0.0,11137.601,11137.601,1.19647,1.19663,MM,Dom Maklerski Banku Ochrony Srodowiska S.A.,DEMO,MT4,ZMQ,60,EURUSD,0.0,0.0,0,0.00016,118.3157894736842,200.0
132,2021-03-11 10:52:56.259000,2021-03-11 10:52:56.259000,2021-03-11 10:53:07.321797,0.0,11062.797,11062.797,1.19647,1.19663,MM,Dom Maklerski Banku Ochrony Srodowiska S.A.,DEMO,MT4,ZMQ,60,EURUSD,0.0,0.0,0,0.00016,118.3157894736842,200.0
133,2021-03-11 10:52:56.369000,2021-03-11 10:52:56.369000,2021-03-11 10:53:07.368698,0.0,10999.698,10999.698,1.19647,1.19663,MM,Dom Maklerski Banku Ochrony Srodowiska S.A.,DEMO,MT4,ZMQ,60,EURUSD,0.0,0.0,0,0.00016,118.3157894736842,200.0
134,2021-03-11 10:52:56.478000,2021-03-11 10:52:56.478000,2021-03-11 10:53:07.399949,0.0,10921.949,10921.949,1.19647,1.19663,MM,Dom Maklerski Banku Ochrony Srodowiska S.A.,DEMO,MT4,ZMQ,60,EURUSD,0.0,0.0,0,0.00016,118.3157894736842,200.0
135,2021-03-11 10:52:56.588000,2021-03-11 10:52:56.588000,2021-03-11 10:53:07.446797,0.0,10858.797,10858.797,1.19647,1.19663,MM,Dom Maklerski Banku Ochrony Srodowiska S.A.,DEMO,MT4,ZMQ,60,EURUSD,0.0,0.0,0,0.00016,118.3157894736842,200.0
136,2021-03-11 10:52:56.697000,2021-03-11 10:52:56.697000,2021-03-11 10:53:07.478073,0.0,10781.073,10781.073,1.19647,1.19663,MM,Dom Maklerski Banku Ochrony Srodowiska S.A.,DEMO,MT4,ZMQ,60,EURUSD,0.0,0.0,0,0.00016,118.3157894736842,200.0
137,2021-03-11 10:52:56.806000,2021-03-11 10:52:56.806000,2021-03-11 10:53:07.524949,0.0,10718.949,10718.949,1.19647,1.19663,MM,Dom Maklerski Banku Ochrony Srodowiska S.A.,DEMO,MT4,ZMQ,60,EURUSD,0.0,0.0,0,0.00016,118.3157894736842,200.0
138,2021-03-11 10:52:56.916000,2021-03-11 10:52:56.916000,2021-03-11 10:53:07.571798,0.0,10655.798,10655.798,1.19647,1.19663,MM,Dom Maklerski Banku Ochrony Srodowiska S.A.,DEMO,MT4,ZMQ,60,EURUSD,0.0,0.0,0,0.00016,118.3157894736842,200.0
139,2021-03-11 10:52:57.025000,2021-03-11 10:52:57.025000,2021-03-11 10:53:07.603072,0.0,10578.072,10578.072,1.19647,1.19663,MM,Dom Maklerski Banku Ochrony Srodowiska S.A.,DEMO,MT4,ZMQ,60,EURUSD,0.0,0.0,0,0.00016,118.3157894736842,200.0
140,2021-03-11 10:52:57.134000,2021-03-11 10:52:57.134000,2021-03-11 10:53:07.649948,0.0,10515.948,10515.948,1.19647,1.19663,MM,Dom Maklerski Banku Ochrony Srodowiska S.A.,DEMO,MT4,ZMQ,60,EURUSD,0.0,0.0,0,0.00016,118.3157894736842,200.0
141,2021-03-11 10:52:57.244000,2021-03-11 10:52:57.244000,2021-03-11 10:53:07.681197,0.0,10437.197,10437.197,1.19647,1.19663,MM,Dom Maklerski Banku Ochrony Srodowiska S.A.,DEMO,MT4,ZMQ,60,EURUSD,0.0,0.0,0,0.00016,118.3157894736842,200.0
142,2021-03-11 10:52:57.353000,2021-03-11 10:52:57.353000,2021-03-11 10:53:07.728073,0.0,10375.073,10375.073,1.19647,1.19663,MM,Dom Maklerski Banku Ochrony Srodowiska S.A.,DEMO,MT4,ZMQ,60,EURUSD,0.0,0.0,0,0.00016,118.3157894736842,200.0
143,2021-03-11 10:52:57.462000,2021-03-11 10:52:57.462000,2021-03-11 10:53:07.774947,0.0,10312.947,10312.947,1.19647,1.19663,MM,Dom Maklerski Banku Ochrony Srodowiska S.A.,DEMO,MT4,ZMQ,60,EURUSD,0.0,0.0,0,0.00016,118.3157894736842,200.0
144,2021-03-11 10:52:57.572000,2021-03-11 10:52:57.572000,2021-03-11 10:53:07.806173,0.0,10234.173,10234.173,1.19647,1.19663,MM,Dom Maklerski Banku Ochrony Srodowiska S.A.,DEMO,MT4,ZMQ,60,EURUSD,0.0,0.0,0,0.00016,118.3157894736842,200.0
145,2021-03-11 10:52:57.681000,2021-03-11 10:52:57.681000,2021-03-11 10:53:07.853073,0.0,10172.073,10172.073,1.19647,1.19663,MM,Dom Maklerski Banku Ochrony Srodowiska S.A.,DEMO,MT4,ZMQ,60,EURUSD,0.0,0.0,0,0.00016,118.3157894736842,200.0
146,2021-03-11 10:52:57.791000,2021-03-11 10:52:57.791000,2021-03-11 10:53:07.884299,0.0,10093.299,10093.299,1.19647,1.19663,MM,Dom Maklerski Banku Ochrony Srodowiska S.A.,DEMO,MT4,ZMQ,60,EURUSD,0.0,0.0,0,0.00016,118.3157894736842,200.0
147,2021-03-11 10:52:57.916000,2021-03-11 10:52:57.916000,2021-03-11 10:53:07.931199,0.0,10015.199,10015.199,1.19647,1.19663,MM,Dom Maklerski Banku Ochrony Srodowiska S.A.,DEMO,MT4,ZMQ,60,EURUSD,0.0,0.0,0,0.00016,118.3157894736842,200.0
148,2021-03-11 10:52:58.009900,2021-03-11 10:52:58.009900,2021-03-11 10:53:07.962447,0.0,9952.547,9952.547,1.19647,1.19663,MM,Dom Maklerski Banku Ochrony Srodowiska S.A.,DEMO,MT4,ZMQ,60,EURUSD,0.0,0.0,0,0.00016,118.3157894736842,200.0
149,2021-03-11 10:52:58.119000,2021-03-11 10:52:58.119000,2021-03-11 10:53:08.009297,0.0,9890.297,9890.297,1.19647,1.19663,MM,Dom Maklerski Banku Ochrony Srodowiska S.A.,DEMO,MT4,ZMQ,60,EURUSD,0.0,0.0,0,0.00016,118.3157894736842,200.0
150,2021-03-11 10:52:58.228000,2021-03-11 10:52:58.228000,2021-03-11 10:53:08.056171,0.0,9828.171,9828.171,1.19647,1.19663,MM,Dom Maklerski Banku Ochrony Srodowiska S.A.,DEMO,MT4,ZMQ,60,EURUSD,0.0,0.0,0,0.00016,118.3157894736842,200.0
151,2021-03-11 10:52:58.337000,2021-03-11 10:52:58.337000,2021-03-11 10:53:08.087447,0.0,9750.447,9750.447,1.19647,1.19663,MM,Dom Maklerski Banku Ochrony Srodowiska S.A.,DEMO,MT4,ZMQ,60,EURUSD,0.0,0.0,0,0.00016,118.3157894736842,200.0
152,2021-03-11 10:52:58.447000,2021-03-11 10:52:58.447000,2021-03-11 10:53:08.134323,0.0,9687.323,9687.323,1.19647,1.19663,MM,Dom Maklerski Banku Ochrony Srodowiska S.A.,DEMO,MT4,ZMQ,60,EURUSD,0.0,0.0,0,0.00016,118.3157894736842,200.0
153,2021-03-11 10:52:58.556000,2021-03-11 10:52:58.556000,2021-03-11 10:53:08.165572,0.0,9609.572,9609.572,1.19647,1.19663,MM,Dom Maklerski Banku Ochrony Srodowiska S.A.,DEMO,MT4,ZMQ,60,EURUSD,0.0,0.0,0,0.00016,118.3157894736842,200.0
154,2021-03-11 10:52:58.677000,2021-03-11 10:52:58.677000,2021-03-11 10:53:08.212421,0.0,9535.421,9535.421,1.19647,1.19663,MM,Dom Maklerski Banku Ochrony Srodowiska S.A.,DEMO,MT4,ZMQ,60,EURUSD,0.0,0.0,0,0.00016,118.3157894736842,200.0
155,2021-03-11 10:52:58.786000,2021-03-11 10:52:58.786000,2021-03-11 10:53:08.243697,0.0,9457.697,9457.697,1.19647,1.19663,MM,Dom Maklerski Banku Ochrony Srodowiska S.A.,DEMO,MT4,ZMQ,60,EURUSD,0.0,0.0,0,0.00016,118.3157894736842,200.0
156,2021-03-11 10:52:58.895000,2021-03-11 10:52:58.895000,2021-03-11 10:53:08.290547,0.0,9395.547,9395.547,1.19647,1.19663,MM,Dom Maklerski Banku Ochrony Srodowiska S.A.,DEMO,MT4,ZMQ,60,EURUSD,0.0,0.0,0,0.00016,118.3157894736842,200.0
157,2021-03-11 10:52:59.005500,2021-03-11 10:52:59.005500,2021-03-11 10:53:08.337422,0.0,9331.922,9331.922,1.19647,1.19663,MM,Dom Maklerski Banku Ochrony Srodowiska S.A.,DEMO,MT4,ZMQ,60,EURUSD,0.0,0.0,0,0.00016,118.3157894736842,200.0
158,2021-03-11 10:52:59.114000,2021-03-11 10:52:59.114000,2021-03-11 10:53:08.368697,0.0,9254.697,9254.697,1.19647,1.19663,MM,Dom Maklerski Banku Ochrony Srodowiska S.A.,DEMO,MT4,ZMQ,60,EURUSD,0.0,0.0,0,0.00016,118.3157894736842,200.0
159,2021-03-11 10:52:59.223000,2021-03-11 10:52:59.223000,2021-03-11 10:53:08.415572,0.0,9192.572,9192.572,1.19647,1.19663,MM,Dom Maklerski Banku Ochrony Srodowiska S.A.,DEMO,MT4,ZMQ,60,EURUSD,0.0,0.0,0,0.00016,118.3157894736842,200.0
160,2021-03-11 10:52:59.333000,2021-03-11 10:52:59.333000,2021-03-11 10:53:08.462423,0.0,9129.423,9129.423,1.19647,1.19663,MM,Dom Maklerski Banku Ochrony Srodowiska S.A.,DEMO,MT4,ZMQ,60,EURUSD,0.0,0.0,0,0.00016,118.3157894736842,200.0
161,2021-03-11 10:52:59.444000,2021-03-11 10:52:59.444000,2021-03-11 10:53:08.493698,0.0,9049.698,9049.698,1.19647,1.19663,MM,Dom Maklerski Banku Ochrony Srodowiska S.A.,DEMO,MT4,ZMQ,60,EURUSD,0.0,0.0,0,0.00016,118.3157894736842,200.0
162,2021-03-11 10:52:59.552000,2021-03-11 10:52:59.552000,2021-03-11 10:53:08.540547,0.0,8988.546999999999,8988.546999999999,1.19647,1.19663,MM,Dom Maklerski Banku Ochrony Srodowiska S.A.,DEMO,MT4,ZMQ,60,EURUSD,0.0,0.0,0,0.00016,118.3157894736842,200.0
163,2021-03-11 10:52:59.674000,2021-03-11 10:52:59.674000,2021-03-11 10:53:08.587449,0.0,8913.449,8913.449,1.19647,1.19663,MM,Dom Maklerski Banku Ochrony Srodowiska S.A.,DEMO,MT4,ZMQ,60,EURUSD,0.0,0.0,0,0.00016,118.3157894736842,200.0
164,2021-03-11 10:52:59.771000,2021-03-11 10:52:59.771000,2021-03-11 10:53:08.618673,0.0,8847.673,8847.673,1.19647,1.19663,MM,Dom Maklerski Banku Ochrony Srodowiska S.A.,DEMO,MT4,ZMQ,60,EURUSD,0.0,0.0,0,0.00016,118.3157894736842,200.0
165,2021-03-11 10:52:59.882000,2021-03-11 10:52:59.882000,2021-03-11 10:53:08.665574,0.0,8783.574,8783.574,1.19647,1.19663,MM,Dom Maklerski Banku Ochrony Srodowiska S.A.,DEMO,MT4,ZMQ,60,EURUSD,0.0,0.0,0,0.00016,118.3157894736842,200.0
166,2021-03-11 10:52:59.993000,2021-03-11 10:52:59.993000,2021-03-11 10:53:08.696798,0.0,8703.798,8703.798,1.19647,1.19663,MM,Dom Maklerski Banku Ochrony Srodowiska S.A.,DEMO,MT4,ZMQ,60,EURUSD,0.0,0.0,0,0.00016,118.3157894736842,200.0
167,2021-03-11 10:53:00.106000,2021-03-11 10:53:00.106000,2021-03-11 10:53:08.743698,0.0,8637.698,8637.698,1.19647,1.19663,MM,Dom Maklerski Banku Ochrony Srodowiska S.A.,DEMO,MT4,ZMQ,60,EURUSD,0.0,0.0,0,0.00016,118.3157894736842,200.0
168,2021-03-11 10:53:00.203000,2021-03-11 10:53:00.203000,2021-03-11 10:53:08.790573,0.0,8587.573,8587.573,1.19647,1.19663,MM,Dom Maklerski Banku Ochrony Srodowiska S.A.,DEMO,MT4,ZMQ,60,EURUSD,0.0,0.0,0,0.00016,118.3157894736842,200.0
169,2021-03-11 10:53:00.312000,2021-03-11 10:53:00.312000,2021-03-11 10:53:08.821822,0.0,8509.822,8509.822,1.19647,1.19663,MM,Dom Maklerski Banku Ochrony Srodowiska S.A.,DEMO,MT4,ZMQ,60,EURUSD,0.0,0.0,0,0.00016,118.3157894736842,200.0
170,2021-03-11 10:53:00.431000,2021-03-11 10:53:00.431000,2021-03-11 10:53:08.868697,0.0,8437.697,8437.697,1.19647,1.19663,MM,Dom Maklerski Banku Ochrony Srodowiska S.A.,DEMO,MT4,ZMQ,60,EURUSD,0.0,0.0,0,0.00016,118.3157894736842,200.0
171,2021-03-11 10:53:00.540000,2021-03-11 10:53:00.540000,2021-03-11 10:53:08.915548,0.0,8375.548,8375.548,1.19647,1.19663,MM,Dom Maklerski Banku Ochrony Srodowiska S.A.,DEMO,MT4,ZMQ,60,EURUSD,0.0,0.0,0,0.00016,118.3157894736842,200.0
172,2021-03-11 10:53:00.650000,2021-03-11 10:53:00.650000,2021-03-11 10:53:08.946797,0.0,8296.796999999999,8296.796999999999,1.19647,1.19663,MM,Dom Maklerski Banku Ochrony Srodowiska S.A.,DEMO,MT4,ZMQ,60,EURUSD,0.0,0.0,0,0.00016,118.3157894736842,200.0
173,2021-03-11 10:53:00.759000,2021-03-11 10:53:00.759000,2021-03-11 10:53:08.993673,0.0,8234.673,8234.673,1.19647,1.19663,MM,Dom Maklerski Banku Ochrony Srodowiska S.A.,DEMO,MT4,ZMQ,60,EURUSD,0.0,0.0,0,0.00016,118.3157894736842,200.0
174,2021-03-11 10:53:00.868000,2021-03-11 10:53:00.868000,2021-03-11 10:53:09.040547,0.0,8172.547,8172.547,1.19647,1.19663,MM,Dom Maklerski Banku Ochrony Srodowiska S.A.,DEMO,MT4,ZMQ,60,EURUSD,0.0,0.0,0,0.00016,118.3157894736842,200.0
175,2021-03-11 10:53:00.978000,2021-03-11 10:53:00.978000,2021-03-11 10:53:09.071796,0.0,8093.795999999999,8093.795999999999,1.19647,1.19663,MM,Dom Maklerski Banku Ochrony Srodowiska S.A.,DEMO,MT4,ZMQ,60,EURUSD,0.0,0.0,0,0.00016,118.3157894736842,200.0
176,2021-03-11 10:53:01.087000,2021-03-11 10:53:01.087000,2021-03-11 10:53:09.118674,0.0,8031.674,8031.674,1.19647,1.19663,MM,Dom Maklerski Banku Ochrony Srodowiska S.A.,DEMO,MT4,ZMQ,60,EURUSD,0.0,0.0,0,0.00016,118.3157894736842,200.0
177,2021-03-11 10:53:01.196000,2021-03-11 10:53:01.196000,2021-03-11 10:53:09.149921,0.0,7953.920999999999,7953.920999999999,1.19647,1.19663,MM,Dom Maklerski Banku Ochrony Srodowiska S.A.,DEMO,MT4,ZMQ,60,EURUSD,0.0,0.0,0,0.00016,118.3157894736842,200.0
178,2021-03-11 10:53:01.306000,2021-03-11 10:53:01.306000,2021-03-11 10:53:09.196821,0.0,7890.821,7890.821,1.19647,1.19663,MM,Dom Maklerski Banku Ochrony Srodowiska S.A.,DEMO,MT4,ZMQ,60,EURUSD,0.0,0.0,0,0.00016,118.3157894736842,200.0
179,2021-03-11 10:53:01.415000,2021-03-11 10:53:01.415000,2021-03-11 10:53:09.243673,0.0,7828.673000000001,7828.673000000001,1.19647,1.19663,MM,Dom Maklerski Banku Ochrony Srodowiska S.A.,DEMO,MT4,ZMQ,60,EURUSD,0.0,0.0,0,0.00016,118.3157894736842,200.0
180,2021-03-11 10:53:01.525000,2021-03-11 10:53:01.525000,2021-03-11 10:53:09.274922,0.0,7749.922,7749.922,1.19647,1.19663,MM,Dom Maklerski Banku Ochrony Srodowiska S.A.,DEMO,MT4,ZMQ,60,EURUSD,0.0,0.0,0,0.00016,118.3157894736842,200.0
181,2021-03-11 10:53:01.634000,2021-03-11 10:53:01.634000,2021-03-11 10:53:09.321797,0.0,7687.797,7687.797,1.19647,1.19663,MM,Dom Maklerski Banku Ochrony Srodowiska S.A.,DEMO,MT4,ZMQ,60,EURUSD,0.0,0.0,0,0.00016,118.3157894736842,200.0
182,2021-03-11 10:53:01.743000,2021-03-11 10:53:01.743000,2021-03-11 10:53:09.375629,0.0,7632.629,7632.629,1.19647,1.19663,MM,Dom Maklerski Banku Ochrony Srodowiska S.A.,DEMO,MT4,ZMQ,60,EURUSD,0.0,0.0,0,0.00016,118.3157894736842,200.0
183,2021-03-11 10:53:01.853000,2021-03-11 10:53:01.853000,2021-03-11 10:53:09.420631,0.0,7567.630999999999,7567.630999999999,1.19647,1.19663,MM,Dom Maklerski Banku Ochrony Srodowiska S.A.,DEMO,MT4,ZMQ,60,EURUSD,0.0,0.0,0,0.00016,118.3157894736842,200.0
184,2021-03-11 10:53:01.962000,2021-03-11 10:53:01.962000,2021-03-11 10:53:09.462630,0.0,7500.63,7500.63,1.19647,1.19663,MM,Dom Maklerski Banku Ochrony Srodowiska S.A.,DEMO,MT4,ZMQ,60,EURUSD,0.0,0.0,0,0.00016,118.3157894736842,200.0
185,2021-03-11 10:53:02.071000,2021-03-11 10:53:02.071000,2021-03-11 10:53:09.496032,0.0,7425.031999999999,7425.031999999999,1.19647,1.19663,MM,Dom Maklerski Banku Ochrony Srodowiska S.A.,DEMO,MT4,ZMQ,60,EURUSD,0.0,0.0,0,0.00016,118.3157894736842,200.0
186,2021-03-11 10:53:02.181000,2021-03-11 10:53:02.181000,2021-03-11 10:53:09.542932,0.0,7361.932,7361.932,1.19647,1.19663,MM,Dom Maklerski Banku Ochrony Srodowiska S.A.,DEMO,MT4,ZMQ,60,EURUSD,0.0,0.0,0,0.00016,118.3157894736842,200.0
187,2021-03-11 10:53:02.290000,2021-03-11 10:53:02.290000,2021-03-11 10:53:09.574183,0.0,7284.183000000001,7284.183000000001,1.19647,1.19663,MM,Dom Maklerski Banku Ochrony Srodowiska S.A.,DEMO,MT4,ZMQ,60,EURUSD,0.0,0.0,0,0.00016,118.3157894736842,200.0
188,2021-03-11 10:53:02.400000,2021-03-11 10:53:02.400000,2021-03-11 10:53:09.621032,0.0,7221.031999999999,7221.031999999999,1.19647,1.19663,MM,Dom Maklerski Banku Ochrony Srodowiska S.A.,DEMO,MT4,ZMQ,60,EURUSD,0.0,0.0,0,0.00016,118.3157894736842,200.0
189,2021-03-11 10:53:02.512000,2021-03-11 10:53:02.512000,2021-03-11 10:53:09.652308,0.0,7140.308000000001,7140.308000000001,1.19647,1.19663,MM,Dom Maklerski Banku Ochrony Srodowiska S.A.,DEMO,MT4,ZMQ,60,EURUSD,0.0,0.0,0,0.00016,118.3157894736842,200.0
190,2021-03-11 10:53:02.624000,2021-03-11 10:53:02.624000,2021-03-11 10:53:09.699183,0.0,7075.183000000001,7075.183000000001,1.19647,1.19663,MM,Dom Maklerski Banku Ochrony Srodowiska S.A.,DEMO,MT4,ZMQ,60,EURUSD,0.0,0.0,0,0.00016,118.3157894736842,200.0
191,2021-03-11 10:53:02.738000,2021-03-11 10:53:02.738000,2021-03-11 10:53:09.746031,0.0,7008.031,7008.031,1.19647,1.19663,MM,Dom Maklerski Banku Ochrony Srodowiska S.A.,DEMO,MT4,ZMQ,60,EURUSD,0.0,0.0,0,0.00016,118.3157894736842,200.0
192,2021-03-11 10:53:02.848000,2021-03-11 10:53:02.848000,2021-03-11 10:53:09.777284,0.0,6929.284000000001,6929.284000000001,1.19647,1.19663,MM,Dom Maklerski Banku Ochrony Srodowiska S.A.,DEMO,MT4,ZMQ,60,EURUSD,0.0,0.0,0,0.00016,118.3157894736842,200.0
193,2021-03-11 10:53:02.957000,2021-03-11 10:53:02.957000,2021-03-11 10:53:09.824183,0.0,6867.183000000001,6867.183000000001,1.19647,1.19663,MM,Dom Maklerski Banku Ochrony Srodowiska S.A.,DEMO,MT4,ZMQ,60,EURUSD,0.0,0.0,0,0.00016,118.3157894736842,200.0
194,2021-03-11 10:53:03.066000,2021-03-11 10:53:03.066000,2021-03-11 10:53:09.855435,0.0,6789.435,6789.435,1.19647,1.19663,MM,Dom Maklerski Banku Ochrony Srodowiska S.A.,DEMO,MT4,ZMQ,60,EURUSD,0.0,0.0,0,0.00016,118.3157894736842,200.0
195,2021-03-11 10:53:03.176000,2021-03-11 10:53:03.176000,2021-03-11 10:53:09.902308,0.0,6726.308000000001,6726.308000000001,1.19647,1.19663,MM,Dom Maklerski Banku Ochrony Srodowiska S.A.,DEMO,MT4,ZMQ,60,EURUSD,0.0,0.0,0,0.00016,118.3157894736842,200.0
196,2021-03-11 10:53:03.285000,2021-03-11 10:53:03.285000,2021-03-11 10:53:09.933561,0.0,6648.561,6648.561,1.19647,1.19663,MM,Dom Maklerski Banku Ochrony Srodowiska S.A.,DEMO,MT4,ZMQ,60,EURUSD,0.0,0.0,0,0.00016,118.3157894736842,200.0
197,2021-03-11 10:53:03.394000,2021-03-11 10:53:03.394000,2021-03-11 10:53:09.980433,0.0,6586.433000000001,6586.433000000001,1.19647,1.19663,MM,Dom Maklerski Banku Ochrony Srodowiska S.A.,DEMO,MT4,ZMQ,60,EURUSD,0.0,0.0,0,0.00016,118.3157894736842,200.0
198,2021-03-11 10:53:03.504000,2021-03-11 10:53:03.504000,2021-03-11 10:53:10.027308,0.0,6523.308000000001,6523.308000000001,1.19647,1.19663,MM,Dom Maklerski Banku Ochrony Srodowiska S.A.,DEMO,MT4,ZMQ,60,EURUSD,0.0,0.0,0,0.00016,118.3157894736842,200.0
199,2021-03-11 10:53:03.613000,2021-03-11 10:53:03.613000,2021-03-11 10:53:10.058559,0.0,6445.559,6445.559,1.19647,1.19663,MM,Dom Maklerski Banku Ochrony Srodowiska S.A.,DEMO,MT4,ZMQ,60,EURUSD,0.0,0.0,0,0.00016,118.3157894736842,200.0
200,2021-03-11 10:53:03.726000,2021-03-11 10:53:03.726000,2021-03-11 10:53:10.105432,0.0,6379.432,6379.432,1.19647,1.19663,MM,Dom Maklerski Banku Ochrony Srodowiska S.A.,DEMO,MT4,ZMQ,60,EURUSD,0.0,0.0,0,0.00016,118.3157894736842,200.0
201,2021-03-11 10:53:03.835000,2021-03-11 10:53:03.835000,2021-03-11 10:53:10.152308,0.0,6317.308000000001,6317.308000000001,1.19647,1.19663,MM,Dom Maklerski Banku Ochrony Srodowiska S.A.,DEMO,MT4,ZMQ,60,EURUSD,0.0,0.0,0,0.00016,118.3157894736842,200.0
202,2021-03-11 10:53:03.944000,2021-03-11 10:53:03.944000,2021-03-11 10:53:10.183558,0.0,6239.558000000001,6239.558000000001,1.19647,1.19663,MM,Dom Maklerski Banku Ochrony Srodowiska S.A.,DEMO,MT4,ZMQ,60,EURUSD,0.0,0.0,0,0.00016,118.3157894736842,200.0
203,2021-03-11 10:53:04.054000,2021-03-11 10:53:04.054000,2021-03-11 10:53:10.230407,0.0,6176.406999999999,6176.406999999999,1.19647,1.19663,MM,Dom Maklerski Banku Ochrony Srodowiska S.A.,DEMO,MT4,ZMQ,60,EURUSD,0.0,0.0,0,0.00016,118.3157894736842,200.0
204,2021-03-11 10:53:04.163000,2021-03-11 10:53:04.163000,2021-03-11 10:53:10.261682,0.0,6098.682,6098.682,1.19647,1.19663,MM,Dom Maklerski Banku Ochrony Srodowiska S.A.,DEMO,MT4,ZMQ,60,EURUSD,0.0,0.0,0,0.00016,118.3157894736842,200.0
205,2021-03-11 10:53:04.272000,2021-03-11 10:53:04.272000,2021-03-11 10:53:10.308532,0.0,6036.531999999999,6036.531999999999,1.19647,1.19663,MM,Dom Maklerski Banku Ochrony Srodowiska S.A.,DEMO,MT4,ZMQ,60,EURUSD,0.0,0.0,0,0.00016,118.3157894736842,200.0
206,2021-03-11 10:53:04.385000,2021-03-11 10:53:04.385000,2021-03-11 10:53:10.356357,0.0,5971.357,5971.357,1.19647,1.19663,MM,Dom Maklerski Banku Ochrony Srodowiska S.A.,DEMO,MT4,ZMQ,60,EURUSD,0.0,0.0,0,0.00016,118.3157894736842,200.0
207,2021-03-11 10:53:04.509000,2021-03-11 10:53:04.509000,2021-03-11 10:53:10.397383,0.0,5888.383000000001,5888.383000000001,1.19647,1.19663,MM,Dom Maklerski Banku Ochrony Srodowiska S.A.,DEMO,MT4,ZMQ,60,EURUSD,0.0,0.0,0,0.00016,118.3157894736842,200.0
208,2021-03-11 10:53:04.606000,2021-03-11 10:53:04.606000,2021-03-11 10:53:10.439383,0.0,5833.383000000001,5833.383000000001,1.19647,1.19663,MM,Dom Maklerski Banku Ochrony Srodowiska S.A.,DEMO,MT4,ZMQ,60,EURUSD,0.0,0.0,0,0.00016,118.3157894736842,200.0
209,2021-03-11 10:53:04.708000,2021-03-11 10:53:04.708000,2021-03-11 10:53:10.479383,0.0,5771.383000000001,5771.383000000001,1.19647,1.19663,MM,Dom Maklerski Banku Ochrony Srodowiska S.A.,DEMO,MT4,ZMQ,60,EURUSD,0.0,0.0,0,0.00016,118.3157894736842,200.0
210,2021-03-11 10:53:04.817000,2021-03-11 10:53:04.817000,2021-03-11 10:53:10.520382,0.0,5703.382,5703.382,1.19647,1.19663,MM,Dom Maklerski Banku Ochrony Srodowiska S.A.,DEMO,MT4,ZMQ,60,EURUSD,0.0,0.0,0,0.00016,118.3157894736842,200.0
211,2021-03-11 10:53:04.927000,2021-03-11 10:53:04.927000,2021-03-11 10:53:10.561382,0.0,5634.382,5634.382,1.19647,1.19663,MM,Dom Maklerski Banku Ochrony Srodowiska S.A.,DEMO,MT4,ZMQ,60,EURUSD,0.0,0.0,0,0.00016,118.3157894736842,200.0
212,2021-03-11 10:53:05.036000,2021-03-11 10:53:05.036000,2021-03-11 10:53:10.601383,0.0,5565.383000000001,5565.383000000001,1.19647,1.19663,MM,Dom Maklerski Banku Ochrony Srodowiska S.A.,DEMO,MT4,ZMQ,60,EURUSD,0.0,0.0,0,0.00016,118.3157894736842,200.0
213,2021-03-11 10:53:05.145000,2021-03-11 10:53:05.145000,2021-03-11 10:53:10.641358,0.0,5496.358,5496.358,1.19647,1.19663,MM,Dom Maklerski Banku Ochrony Srodowiska S.A.,DEMO,MT4,ZMQ,60,EURUSD,0.0,0.0,0,0.00016,118.3157894736842,200.0
214,2021-03-11 10:53:05.255000,2021-03-11 10:53:05.255000,2021-03-11 10:53:10.682358,0.0,5427.358,5427.358,1.19647,1.19663,MM,Dom Maklerski Banku Ochrony Srodowiska S.A.,DEMO,MT4,ZMQ,60,EURUSD,0.0,0.0,0,0.00016,118.3157894736842,200.0
215,2021-03-11 10:53:05.365000,2021-03-11 10:53:05.365000,2021-03-11 10:53:10.722359,0.0,5357.359,5357.359,1.19647,1.19663,MM,Dom Maklerski Banku Ochrony Srodowiska S.A.,DEMO,MT4,ZMQ,60,EURUSD,0.0,0.0,0,0.00016,118.3157894736842,200.0
216,2021-03-11 10:53:05.473000,2021-03-11 10:53:05.473000,2021-03-11 10:53:10.763358,0.0,5290.358,5290.358,1.19647,1.19663,MM,Dom Maklerski Banku Ochrony Srodowiska S.A.,DEMO,MT4,ZMQ,60,EURUSD,0.0,0.0,0,0.00016,118.3157894736842,200.0
217,2021-03-11 10:53:05.584000,2021-03-11 10:53:05.584000,2021-03-11 10:53:10.804358,0.0,5220.358,5220.358,1.19647,1.19663,MM,Dom Maklerski Banku Ochrony Srodowiska S.A.,DEMO,MT4,ZMQ,60,EURUSD,0.0,0.0,0,0.00016,118.3157894736842,200.0
218,2021-03-11 10:53:05.693000,2021-03-11 10:53:05.693000,2021-03-11 10:53:10.844357,0.0,5151.357,5151.357,1.19647,1.19663,MM,Dom Maklerski Banku Ochrony Srodowiska S.A.,DEMO,MT4,ZMQ,60,EURUSD,0.0,0.0,0,0.00016,118.3157894736842,200.0
219,2021-03-11 10:53:05.802000,2021-03-11 10:53:05.802000,2021-03-11 10:53:10.887359,0.0,5085.359,5085.359,1.19647,1.19663,MM,Dom Maklerski Banku Ochrony Srodowiska S.A.,DEMO,MT4,ZMQ,60,EURUSD,0.0,0.0,0,0.00016,118.3157894736842,200.0
220,2021-03-11 10:53:05.912000,2021-03-11 10:53:05.912000,2021-03-11 10:53:10.928359,0.0,5016.359,5016.359,1.19647,1.19663,MM,Dom Maklerski Banku Ochrony Srodowiska S.A.,DEMO,MT4,ZMQ,60,EURUSD,0.0,0.0,0,0.00016,118.3157894736842,200.0
221,2021-03-11 10:53:06.021000,2021-03-11 10:53:06.021000,2021-03-11 10:53:10.970357,0.0,4949.357,4949.357,1.19647,1.19663,MM,Dom Maklerski Banku Ochrony Srodowiska S.A.,DEMO,MT4,ZMQ,60,EURUSD,0.0,0.0,0,0.00016,118.3157894736842,200.0
222,2021-03-11 10:53:06.131000,2021-03-11 10:53:06.131000,2021-03-11 10:53:11.012358,0.0,4881.358,4881.358,1.19647,1.19663,MM,Dom Maklerski Banku Ochrony Srodowiska S.A.,DEMO,MT4,ZMQ,60,EURUSD,0.0,0.0,0,0.00016,118.3157894736842,200.0
223,2021-03-11 10:53:06.240000,2021-03-11 10:53:06.240000,2021-03-11 10:53:11.053357,0.0,4813.357,4813.357,1.19647,1.19663,MM,Dom Maklerski Banku Ochrony Srodowiska S.A.,DEMO,MT4,ZMQ,60,EURUSD,0.0,0.0,0,0.00016,118.3157894736842,200.0
224,2021-03-11 10:53:06.349000,2021-03-11 10:53:06.349000,2021-03-11 10:53:11.095358,0.0,4746.358,4746.358,1.19647,1.19663,MM,Dom Maklerski Banku Ochrony Srodowiska S.A.,DEMO,MT4,ZMQ,60,EURUSD,0.0,0.0,0,0.00016,118.3157894736842,200.0
225,2021-03-11 10:53:06.461000,2021-03-11 10:53:06.461000,2021-03-11 10:53:11.136357,0.0,4675.357,4675.357,1.19647,1.19663,MM,Dom Maklerski Banku Ochrony Srodowiska S.A.,DEMO,MT4,ZMQ,60,EURUSD,0.0,0.0,0,0.00016,118.3157894736842,200.0
226,2021-03-11 10:53:06.573000,2021-03-11 10:53:06.573000,2021-03-11 10:53:11.177356,0.0,4604.356,4604.356,1.19647,1.19663,MM,Dom Maklerski Banku Ochrony Srodowiska S.A.,DEMO,MT4,ZMQ,60,EURUSD,0.0,0.0,0,0.00016,118.3157894736842,200.0
227,2021-03-11 10:53:06.685000,2021-03-11 10:53:06.685000,2021-03-11 10:53:11.219357,0.0,4534.357,4534.357,1.19647,1.19663,MM,Dom Maklerski Banku Ochrony Srodowiska S.A.,DEMO,MT4,ZMQ,60,EURUSD,0.0,0.0,0,0.00016,118.3157894736842,200.0
228,2021-03-11 10:53:06.797000,2021-03-11 10:53:06.797000,2021-03-11 10:53:11.259358,0.0,4462.358,4462.358,1.19647,1.19663,MM,Dom Maklerski Banku Ochrony Srodowiska S.A.,DEMO,MT4,ZMQ,60,EURUSD,0.0,0.0,0,0.00016,118.3157894736842,200.0
229,2021-03-11 10:53:06.909000,2021-03-11 10:53:06.909000,2021-03-11 10:53:11.300383,0.0,4391.383,4391.383,1.19647,1.19663,MM,Dom Maklerski Banku Ochrony Srodowiska S.A.,DEMO,MT4,ZMQ,60,EURUSD,0.0,0.0,0,0.00016,118.3157894736842,200.0
230,2021-03-11 10:53:07.033000,2021-03-11 10:53:07.033000,2021-03-11 10:53:11.338177,0.0,4305.177,4305.177,1.19647,1.19663,MM,Dom Maklerski Banku Ochrony Srodowiska S.A.,DEMO,MT4,ZMQ,60,EURUSD,0.0,0.0,0,0.00016,118.3157894736842,200.0
231,2021-03-11 10:53:07.132000,2021-03-11 10:53:07.132000,2021-03-11 10:53:11.369402,0.0,4237.402,4237.402,1.19647,1.19663,MM,Dom Maklerski Banku Ochrony Srodowiska S.A.,DEMO,MT4,ZMQ,60,EURUSD,0.0,0.0,0,0.00016,118.3157894736842,200.0
232,2021-03-11 10:53:07.244000,2021-03-11 10:53:07.244000,2021-03-11 10:53:11.416277,0.0,4172.277,4172.277,1.19647,1.19663,MM,Dom Maklerski Banku Ochrony Srodowiska S.A.,DEMO,MT4,ZMQ,60,EURUSD,0.0,0.0,0,0.00016,118.3157894736842,200.0
233,2021-03-11 10:53:07.353000,2021-03-11 10:53:07.353000,2021-03-11 10:53:11.463180,0.0,4110.18,4110.18,1.19647,1.19663,MM,Dom Maklerski Banku Ochrony Srodowiska S.A.,DEMO,MT4,ZMQ,60,EURUSD,0.0,0.0,0,0.00016,118.3157894736842,200.0
234,2021-03-11 10:53:07.462000,2021-03-11 10:53:07.462000,2021-03-11 10:53:11.494401,0.0,4032.401,4032.401,1.19647,1.19663,MM,Dom Maklerski Banku Ochrony Srodowiska S.A.,DEMO,MT4,ZMQ,60,EURUSD,0.0,0.0,0,0.00016,118.3157894736842,200.0
235,2021-03-11 10:53:07.571000,2021-03-11 10:53:07.571000,2021-03-11 10:53:11.541303,0.0,3970.303,3970.303,1.19647,1.19663,MM,Dom Maklerski Banku Ochrony Srodowiska S.A.,DEMO,MT4,ZMQ,60,EURUSD,0.0,0.0,0,0.00016,118.3157894736842,200.0
236,2021-03-11 10:53:07.681000,2021-03-11 10:53:07.681000,2021-03-11 10:53:11.588177,0.0,3907.177,3907.177,1.19647,1.19663,MM,Dom Maklerski Banku Ochrony Srodowiska S.A.,DEMO,MT4,ZMQ,60,EURUSD,0.0,0.0,0,0.00016,118.3157894736842,200.0
237,2021-03-11 10:53:07.790000,2021-03-11 10:53:07.790000,2021-03-11 10:53:11.619428,0.0,3829.428,3829.428,1.19647,1.19663,MM,Dom Maklerski Banku Ochrony Srodowiska S.A.,DEMO,MT4,ZMQ,60,EURUSD,0.0,0.0,0,0.00016,118.3157894736842,200.0
238,2021-03-11 10:53:07.899000,2021-03-11 10:53:07.899000,2021-03-11 10:53:11.666304,0.0,3767.304,3767.304,1.19647,1.19663,MM,Dom Maklerski Banku Ochrony Srodowiska S.A.,DEMO,MT4,ZMQ,60,EURUSD,0.0,0.0,0,0.00016,118.3157894736842,200.0
239,2021-03-11 10:53:08.009900,2021-03-11 10:53:08.009900,2021-03-11 10:53:11.697552,0.0,3687.652,3687.652,1.19647,1.19663,MM,Dom Maklerski Banku Ochrony Srodowiska S.A.,DEMO,MT4,ZMQ,60,EURUSD,0.0,0.0,0,0.00016,118.3157894736842,200.0
240,2021-03-11 10:53:08.118000,2021-03-11 10:53:08.118000,2021-03-11 10:53:11.744427,0.0,3626.427,3626.427,1.19647,1.19663,MM,Dom Maklerski Banku Ochrony Srodowiska S.A.,DEMO,MT4,ZMQ,60,EURUSD,0.0,0.0,0,0.00016,118.3157894736842,200.0
241,2021-03-11 10:53:08.228000,2021-03-11 10:53:08.228000,2021-03-11 10:53:11.791302,0.0,3563.302,3563.302,1.19647,1.19663,MM,Dom Maklerski Banku Ochrony Srodowiska S.A.,DEMO,MT4,ZMQ,60,EURUSD,0.0,0.0,0,0.00016,118.3157894736842,200.0
242,2021-03-11 10:53:08.337000,2021-03-11 10:53:08.337000,2021-03-11 10:53:11.822553,0.0,3485.553,3485.553,1.19647,1.19663,MM,Dom Maklerski Banku Ochrony Srodowiska S.A.,DEMO,MT4,ZMQ,60,EURUSD,0.0,0.0,0,0.00016,118.3157894736842,200.0
243,2021-03-11 10:53:08.446000,2021-03-11 10:53:08.446000,2021-03-11 10:53:11.869402,0.0,3423.402,3423.402,1.19647,1.19663,MM,Dom Maklerski Banku Ochrony Srodowiska S.A.,DEMO,MT4,ZMQ,60,EURUSD,0.0,0.0,0,0.00016,118.3157894736842,200.0
244,2021-03-11 10:53:08.556000,2021-03-11 10:53:08.556000,2021-03-11 10:53:11.900652,0.0,3344.652,3344.652,1.19647,1.19663,MM,Dom Maklerski Banku Ochrony Srodowiska S.A.,DEMO,MT4,ZMQ,60,EURUSD,0.0,0.0,0,0.00016,118.3157894736842,200.0
245,2021-03-11 10:53:08.665000,2021-03-11 10:53:08.665000,2021-03-11 10:53:11.947528,0.0,3282.528,3282.528,1.19647,1.19663,MM,Dom Maklerski Banku Ochrony Srodowiska S.A.,DEMO,MT4,ZMQ,60,EURUSD,0.0,0.0,0,0.00016,118.3157894736842,200.0
246,2021-03-11 10:53:08.774000,2021-03-11 10:53:08.774000,2021-03-11 10:53:11.994402,0.0,3220.402,3220.402,1.19647,1.19663,MM,Dom Maklerski Banku Ochrony Srodowiska S.A.,DEMO,MT4,ZMQ,60,EURUSD,0.0,0.0,0,0.00016,118.3157894736842,200.0
247,2021-03-11 10:53:08.884000,2021-03-11 10:53:08.884000,2021-03-11 10:53:12.025677,0.0,3141.677,3141.677,1.19647,1.19663,MM,Dom Maklerski Banku Ochrony Srodowiska S.A.,DEMO,MT4,ZMQ,60,EURUSD,0.0,0.0,0,0.00016,118.3157894736842,200.0
248,2021-03-11 10:53:08.993000,2021-03-11 10:53:08.993000,2021-03-11 10:53:12.072551,0.0,3079.551,3079.551,1.19647,1.19663,MM,Dom Maklerski Banku Ochrony Srodowiska S.A.,DEMO,MT4,ZMQ,60,EURUSD,0.0,0.0,0,0.00016,118.3157894736842,200.0
249,2021-03-11 10:53:09.103000,2021-03-11 10:53:09.103000,2021-03-11 10:53:12.119425,0.0,3016.425,3016.425,1.19647,1.19663,MM,Dom Maklerski Banku Ochrony Srodowiska S.A.,DEMO,MT4,ZMQ,60,EURUSD,0.0,0.0,0,0.00016,118.3157894736842,200.0
250,2021-03-11 10:53:09.212000,2021-03-11 10:53:09.212000,2021-03-11 10:53:12.150680,0.0,2938.68,2938.68,1.19647,1.19663,MM,Dom Maklerski Banku Ochrony Srodowiska S.A.,DEMO,MT4,ZMQ,60,EURUSD,0.0,0.0,0,0.00016,118.3157894736842,200.0
251,2021-03-11 10:53:09.321000,2021-03-11 10:53:09.321000,2021-03-11 10:53:12.197553,0.0,2876.553,2876.553,1.19647,1.19663,MM,Dom Maklerski Banku Ochrony Srodowiska S.A.,DEMO,MT4,ZMQ,60,EURUSD,0.0,0.0,0,0.00016,118.3157894736842,200.0
252,2021-03-11 10:53:09.432000,2021-03-11 10:53:09.432000,2021-03-11 10:53:12.228802,0.0,2796.802,2796.802,1.19647,1.19663,MM,Dom Maklerski Banku Ochrony Srodowiska S.A.,DEMO,MT4,ZMQ,60,EURUSD,0.0,0.0,0,0.00016,118.3157894736842,200.0
253,2021-03-11 10:53:09.542000,2021-03-11 10:53:09.542000,2021-03-11 10:53:12.275677,0.0,2733.677,2733.677,1.19647,1.19663,MM,Dom Maklerski Banku Ochrony Srodowiska S.A.,DEMO,MT4,ZMQ,60,EURUSD,0.0,0.0,0,0.00016,118.3157894736842,200.0
254,2021-03-11 10:53:09.652000,2021-03-11 10:53:09.652000,2021-03-11 10:53:12.322553,0.0,2670.553,2670.553,1.19647,1.19663,MM,Dom Maklerski Banku Ochrony Srodowiska S.A.,DEMO,MT4,ZMQ,60,EURUSD,0.0,0.0,0,0.00016,118.3157894736842,200.0
255,2021-03-11 10:53:09.761000,2021-03-11 10:53:09.761000,2021-03-11 10:53:12.353803,0.0,2592.803,2592.803,1.19647,1.19663,MM,Dom Maklerski Banku Ochrony Srodowiska S.A.,DEMO,MT4,ZMQ,60,EURUSD,0.0,0.0,0,0.00016,118.3157894736842,200.0
256,2021-03-11 10:53:09.871000,2021-03-11 10:53:09.871000,2021-03-11 10:53:12.400678,0.0,2529.678,2529.678,1.19647,1.19663,MM,Dom Maklerski Banku Ochrony Srodowiska S.A.,DEMO,MT4,ZMQ,60,EURUSD,0.0,0.0,0,0.00016,118.3157894736842,200.0
257,2021-03-11 10:53:09.980000,2021-03-11 10:53:09.980000,2021-03-11 10:53:12.431927,0.0,2451.927,2451.927,1.19647,1.19663,MM,Dom Maklerski Banku Ochrony Srodowiska S.A.,DEMO,MT4,ZMQ,60,EURUSD,0.0,0.0,0,0.00016,118.3157894736842,200.0
258,2021-03-11 10:53:10.089000,2021-03-11 10:53:10.089000,2021-03-11 10:53:12.478807,0.0,2389.807,2389.807,1.19647,1.19663,MM,Dom Maklerski Banku Ochrony Srodowiska S.A.,DEMO,MT4,ZMQ,60,EURUSD,0.0,0.0,0,0.00016,118.3157894736842,200.0
259,2021-03-11 10:53:10.199000,2021-03-11 10:53:10.199000,2021-03-11 10:53:12.510053,0.0,2311.053,2311.053,1.19647,1.19663,MM,Dom Maklerski Banku Ochrony Srodowiska S.A.,DEMO,MT4,ZMQ,60,EURUSD,0.0,0.0,0,0.00016,118.3157894736842,200.0
260,2021-03-11 10:53:10.308000,2021-03-11 10:53:10.308000,2021-03-11 10:53:12.556927,0.0,2248.927,2248.927,1.19647,1.19663,MM,Dom Maklerski Banku Ochrony Srodowiska S.A.,DEMO,MT4,ZMQ,60,EURUSD,0.0,0.0,0,0.00016,118.3157894736842,200.0
261,2021-03-11 10:53:10.419000,2021-03-11 10:53:10.419000,2021-03-11 10:53:12.588177,0.0,2169.177,2169.177,1.19647,1.19663,MM,Dom Maklerski Banku Ochrony Srodowiska S.A.,DEMO,MT4,ZMQ,60,EURUSD,0.0,0.0,0,0.00016,118.3157894736842,200.0
262,2021-03-11 10:53:10.531000,2021-03-11 10:53:10.531000,2021-03-11 10:53:12.635028,0.0,2104.028,2104.028,1.19647,1.19663,MM,Dom Maklerski Banku Ochrony Srodowiska S.A.,DEMO,MT4,ZMQ,60,EURUSD,0.0,0.0,0,0.00016,118.3157894736842,200.0
263,2021-03-11 10:53:10.643000,2021-03-11 10:53:10.643000,2021-03-11 10:53:12.681928,0.0,2038.928,2038.928,1.19647,1.19663,MM,Dom Maklerski Banku Ochrony Srodowiska S.A.,DEMO,MT4,ZMQ,60,EURUSD,0.0,0.0,0,0.00016,118.3157894736842,200.0
264,2021-03-11 10:53:10.755000,2021-03-11 10:53:10.755000,2021-03-11 10:53:12.713152,0.0,1958.152,1958.152,1.19647,1.19663,MM,Dom Maklerski Banku Ochrony Srodowiska S.A.,DEMO,MT4,ZMQ,60,EURUSD,0.0,0.0,0,0.00016,118.3157894736842,200.0
265,2021-03-11 10:53:10.881000,2021-03-11 10:53:10.881000,2021-03-11 10:53:12.760028,0.0,1879.028,1879.028,1.19647,1.19663,MM,Dom Maklerski Banku Ochrony Srodowiska S.A.,DEMO,MT4,ZMQ,60,EURUSD,0.0,0.0,0,0.00016,118.3157894736842,200.0
266,2021-03-11 10:53:10.976000,2021-03-11 10:53:10.976000,2021-03-11 10:53:12.806901,0.0,1830.901,1830.901,1.19647,1.19663,MM,Dom Maklerski Banku Ochrony Srodowiska S.A.,DEMO,MT4,ZMQ,60,EURUSD,0.0,0.0,0,0.00016,118.3157894736842,200.0
267,2021-03-11 10:53:11.087000,2021-03-11 10:53:11.087000,2021-03-11 10:53:12.838176,0.0,1751.1760000000002,1751.1760000000002,1.19647,1.19663,MM,Dom Maklerski Banku Ochrony Srodowiska S.A.,DEMO,MT4,ZMQ,60,EURUSD,0.0,0.0,0,0.00016,118.3157894736842,200.0
268,2021-03-11 10:53:11.198000,2021-03-11 10:53:11.198000,2021-03-11 10:53:12.885029,0.0,1687.029,1687.029,1.19647,1.19663,MM,Dom Maklerski Banku Ochrony Srodowiska S.A.,DEMO,MT4,ZMQ,60,EURUSD,0.0,0.0,0,0.00016,118.3157894736842,200.0
269,2021-03-11 10:53:11.309000,2021-03-11 10:53:11.309000,2021-03-11 10:53:12.931931,0.0,1622.931,1622.931,1.19647,1.19663,MM,Dom Maklerski Banku Ochrony Srodowiska S.A.,DEMO,MT4,ZMQ,60,EURUSD,0.0,0.0,0,0.00016,118.3157894736842,200.0
270,2021-03-11 10:53:11.416000,2021-03-11 10:53:11.416000,2021-03-11 10:53:12.978802,0.0,1562.802,1562.802,1.19647,1.19663,MM,Dom Maklerski Banku Ochrony Srodowiska S.A.,DEMO,MT4,ZMQ,60,EURUSD,0.0,0.0,0,0.00016,118.3157894736842,200.0
271,2021-03-11 10:53:11.525000,2021-03-11 10:53:11.525000,2021-03-11 10:53:13.010047,0.0,1485.047,1485.047,1.19647,1.19663,MM,Dom Maklerski Banku Ochrony Srodowiska S.A.,DEMO,MT4,ZMQ,60,EURUSD,0.0,0.0,0,0.00016,118.3157894736842,200.0
272,2021-03-11 10:53:11.635000,2021-03-11 10:53:11.635000,2021-03-11 10:53:13.056931,0.0,1421.931,1421.931,1.19647,1.19663,MM,Dom Maklerski Banku Ochrony Srodowiska S.A.,DEMO,MT4,ZMQ,60,EURUSD,0.0,0.0,0,0.00016,118.3157894736842,200.0
273,2021-03-11 10:53:11.744000,2021-03-11 10:53:11.744000,2021-03-11 10:53:13.103795,0.0,1359.795,1359.795,1.19647,1.19663,MM,Dom Maklerski Banku Ochrony Srodowiska S.A.,DEMO,MT4,ZMQ,60,EURUSD,0.0,0.0,0,0.00016,118.3157894736842,200.0
274,2021-03-11 10:53:11.853000,2021-03-11 10:53:11.853000,2021-03-11 10:53:13.150653,0.0,1297.653,1297.653,1.19647,1.19663,MM,Dom Maklerski Banku Ochrony Srodowiska S.A.,DEMO,MT4,ZMQ,60,EURUSD,0.0,0.0,0,0.00016,118.3157894736842,200.0
275,2021-03-11 10:53:11.963000,2021-03-11 10:53:11.963000,2021-03-11 10:53:13.197527,0.0,1234.527,1234.527,1.19647,1.19663,MM,Dom Maklerski Banku Ochrony Srodowiska S.A.,DEMO,MT4,ZMQ,60,EURUSD,0.0,0.0,0,0.00016,118.3157894736842,200.0
276,2021-03-11 10:53:12.072000,2021-03-11 10:53:12.072000,2021-03-11 10:53:13.244403,0.0,1172.403,1172.403,1.19647,1.19663,MM,Dom Maklerski Banku Ochrony Srodowiska S.A.,DEMO,MT4,ZMQ,60,EURUSD,0.0,0.0,0,0.00016,118.3157894736842,200.0
277,2021-03-11 10:53:12.181000,2021-03-11 10:53:12.181000,2021-03-11 10:53:13.291303,0.0,1110.303,1110.303,1.19647,1.19663,MM,Dom Maklerski Banku Ochrony Srodowiska S.A.,DEMO,MT4,ZMQ,60,EURUSD,0.0,0.0,0,0.00016,118.3157894736842,200.0
278,2021-03-11 10:53:12.291000,2021-03-11 10:53:12.291000,2021-03-11 10:53:13.322555,0.0,1031.555,1031.555,1.19647,1.19663,MM,Dom Maklerski Banku Ochrony Srodowiska S.A.,DEMO,MT4,ZMQ,60,EURUSD,0.0,0.0,0,0.00016,118.3157894736842,200.0
279,2021-03-11 10:53:12.400000,2021-03-11 10:53:12.400000,2021-03-11 10:53:13.369429,0.0,969.429,969.429,1.19647,1.19663,MM,Dom Maklerski Banku Ochrony Srodowiska S.A.,DEMO,MT4,ZMQ,60,EURUSD,0.0,0.0,0,0.00016,118.3157894736842,200.0
280,2021-03-11 10:53:12.510000,2021-03-11 10:53:12.510000,2021-03-11 10:53:13.400678,0.0,890.678,890.678,1.19647,1.19663,MM,Dom Maklerski Banku Ochrony Srodowiska S.A.,DEMO,MT4,ZMQ,60,EURUSD,0.0,0.0,0,0.00016,118.3157894736842,200.0
281,2021-03-11 10:53:12.619000,2021-03-11 10:53:12.619000,2021-03-11 10:53:13.447552,0.0,828.552,828.552,1.19647,1.19663,MM,Dom Maklerski Banku Ochrony Srodowiska S.A.,DEMO,MT4,ZMQ,60,EURUSD,0.0,0.0,0,0.00016,118.3157894736842,200.0
282,2021-03-11 10:53:12.728000,2021-03-11 10:53:12.728000,2021-03-11 10:53:13.478777,0.0,750.7769999999999,750.7769999999999,1.19647,1.19663,MM,Dom Maklerski Banku Ochrony Srodowiska S.A.,DEMO,MT4,ZMQ,60,EURUSD,0.0,0.0,0,0.00016,118.3157894736842,200.0
283,2021-03-11 10:53:12.838000,2021-03-11 10:53:12.838000,2021-03-11 10:53:13.525677,0.0,687.677,687.677,1.19647,1.19663,MM,Dom Maklerski Banku Ochrony Srodowiska S.A.,DEMO,MT4,ZMQ,60,EURUSD,0.0,0.0,0,0.00016,118.3157894736842,200.0
284,2021-03-11 10:53:12.947000,2021-03-11 10:53:12.947000,2021-03-11 10:53:13.572526,0.0,625.526,625.526,1.19647,1.19663,MM,Dom Maklerski Banku Ochrony Srodowiska S.A.,DEMO,MT4,ZMQ,60,EURUSD,0.0,0.0,0,0.00016,118.3157894736842,200.0
285,2021-03-11 10:53:13.056000,2021-03-11 10:53:13.056000,2021-03-11 10:53:13.603777,0.0,547.7769999999999,547.7769999999999,1.19647,1.19663,MM,Dom Maklerski Banku Ochrony Srodowiska S.A.,DEMO,MT4,ZMQ,60,EURUSD,0.0,0.0,0,0.00016,118.3157894736842,200.0
286,2021-03-11 10:53:13.166000,2021-03-11 10:53:13.166000,2021-03-11 10:53:13.650676,0.0,484.676,484.676,1.19647,1.19663,MM,Dom Maklerski Banku Ochrony Srodowiska S.A.,DEMO,MT4,ZMQ,60,EURUSD,0.0,0.0,0,0.00016,118.3157894736842,200.0
287,2021-03-11 10:53:13.275000,2021-03-11 10:53:13.275000,2021-03-11 10:53:13.697527,0.0,422.527,422.527,1.19647,1.19663,MM,Dom Maklerski Banku Ochrony Srodowiska S.A.,DEMO,MT4,ZMQ,60,EURUSD,0.0,0.0,0,0.00016,118.3157894736842,200.0
288,2021-03-11 10:53:13.385000,2021-03-11 10:53:13.385000,2021-03-11 10:53:13.728777,0.0,343.777,343.777,1.19647,1.19663,MM,Dom Maklerski Banku Ochrony Srodowiska S.A.,DEMO,MT4,ZMQ,60,EURUSD,0.0,0.0,0,0.00016,118.3157894736842,200.0
289,2021-03-11 10:53:13.494000,2021-03-11 10:53:13.494000,2021-03-11 10:53:13.775653,0.0,281.653,281.653,1.19647,1.19663,MM,Dom Maklerski Banku Ochrony Srodowiska S.A.,DEMO,MT4,ZMQ,60,EURUSD,0.0,0.0,0,0.00016,118.3157894736842,200.0
290,2021-03-11 10:53:13.603000,2021-03-11 10:53:13.603000,2021-03-11 10:53:13.806901,0.0,203.901,203.901,1.19647,1.19663,MM,Dom Maklerski Banku Ochrony Srodowiska S.A.,DEMO,MT4,ZMQ,60,EURUSD,0.0,0.0,0,0.00016,118.3157894736842,200.0
291,2021-03-11 10:53:13.713000,2021-03-11 10:53:13.713000,2021-03-11 10:53:13.853777,0.0,140.77700000000002,140.77700000000002,1.19647,1.19663,MM,Dom Maklerski Banku Ochrony Srodowiska S.A.,DEMO,MT4,ZMQ,60,EURUSD,0.0,0.0,0,0.00016,118.3157894736842,200.0
292,2021-03-11 10:53:13.822000,2021-03-11 10:53:13.822000,2021-03-11 10:53:13.885027,0.0,63.027,63.027,1.19647,1.19663,MM,Dom Maklerski Banku Ochrony Srodowiska S.A.,DEMO,MT4,ZMQ,60,EURUSD,0.0,0.0,0,0.00016,118.3157894736842,200.0
293,2021-03-11 10:53:13.931000,2021-03-11 10:53:13.931000,2021-03-11 10:53:13.931902,0.0,0.902,0.902,1.19647,1.19663,MM,Dom Maklerski Banku Ochrony Srodowiska S.A.,DEMO,MT4,ZMQ,60,EURUSD,0.0,0.0,0,0.00016,118.3157894736842,200.0
294,2021-03-11 10:53:14.041000,2021-03-11 10:53:14.041000,2021-03-11 10:53:14.041277,0.0,0.2769999999999999,0.2769999999999999,1.19647,1.19663,MM,Dom Maklerski Banku Ochrony Srodowiska S.A.,DEMO,MT4,ZMQ,60,EURUSD,0.0,0.0,0,0.00016,118.3157894736842,200.0
295,2021-03-11 10:53:14.150000,2021-03-11 10:53:14.150000,2021-03-11 10:53:14.166277,0.0,16.277,16.277,1.19647,1.19663,MM,Dom Maklerski Banku Ochrony Srodowiska S.A.,DEMO,MT4,ZMQ,60,EURUSD,0.0,0.0,0,0.00016,118.3157894736842,200.0
296,2021-03-11 10:53:14.260000,2021-03-11 10:53:14.260000,2021-03-11 10:53:14.260026,0.0,0.026,0.026,1.19647,1.19663,MM,Dom Maklerski Banku Ochrony Srodowiska S.A.,DEMO,MT4,ZMQ,60,EURUSD,0.0,0.0,0,0.00016,118.3157894736842,200.0
297,2021-03-11 10:53:14.369000,2021-03-11 10:53:14.369000,2021-03-11 10:53:14.369403,0.0,0.4029999999999999,0.4029999999999999,1.19647,1.19663,MM,Dom Maklerski Banku Ochrony Srodowiska S.A.,DEMO,MT4,ZMQ,60,EURUSD,0.0,0.0,0,0.00016,118.3157894736842,200.0
298,2021-03-11 10:53:14.478000,2021-03-11 10:53:14.478000,2021-03-11 10:53:14.478802,0.0,0.802,0.802,1.19647,1.19663,MM,Dom Maklerski Banku Ochrony Srodowiska S.A.,DEMO,MT4,ZMQ,60,EURUSD,0.0,0.0,0,0.00016,118.3157894736842,200.0
299,2021-03-11 10:53:14.588000,2021-03-11 10:53:14.588000,2021-03-11 10:53:14.588151,0.0,0.151,0.151,1.19647,1.19663,MM,Dom Maklerski Banku Ochrony Srodowiska S.A.,DEMO,MT4,ZMQ,60,EURUSD,0.0,0.0,0,0.00016,118.3157894736842,200.0
300,2021-03-11 10:53:14.697000,2021-03-11 10:53:14.697000,2021-03-11 10:53:14.697551,0.0,0.551,0.551,1.19647,1.19663,MM,Dom Maklerski Banku Ochrony Srodowiska S.A.,DEMO,MT4,ZMQ,60,EURUSD,0.0,0.0,0,0.00016,118.3157894736842,200.0
301,2021-03-11 10:53:14.806000,2021-03-11 10:53:14.806000,2021-03-11 10:53:14.806929,0.0,0.929,0.929,1.19647,1.19663,MM,Dom Maklerski Banku Ochrony Srodowiska S.A.,DEMO,MT4,ZMQ,60,EURUSD,0.0,0.0,0,0.00016,118.3157894736842,200.0
302,2021-03-11 10:53:14.916000,2021-03-11 10:53:14.916000,2021-03-11 10:53:14.916302,0.0,0.302,0.302,1.19647,1.19663,MM,Dom Maklerski Banku Ochrony Srodowiska S.A.,DEMO,MT4,ZMQ,60,EURUSD,0.0,0.0,0,0.00016,118.3157894736842,200.0
303,2021-03-11 10:53:15.025000,2021-03-11 10:53:15.025000,2021-03-11 10:53:15.025677,0.0,0.677,0.677,1.19647,1.19663,MM,Dom Maklerski Banku Ochrony Srodowiska S.A.,DEMO,MT4,ZMQ,60,EURUSD,0.0,0.0,0,0.00016,118.3157894736842,200.0
304,2021-03-11 10:53:15.135000,2021-03-11 10:53:15.135000,2021-03-11 10:53:15.135051,0.0,0.051,0.051,1.19647,1.19663,MM,Dom Maklerski Banku Ochrony Srodowiska S.A.,DEMO,MT4,ZMQ,60,EURUSD,0.0,0.0,0,0.00016,118.3157894736842,200.0
305,2021-03-11 10:53:15.150000,2021-03-11 10:53:15.150000,2021-03-11 10:53:15.181931,0.0,31.931,31.931,1.19643,1.19659,MM,Dom Maklerski Banku Ochrony Srodowiska S.A.,DEMO,MT4,ZMQ,60,EURUSD,-4.000000000004e-05,-3.9999999999817966e-05,-1,0.00016,118.3157894736842,200.0
306,2021-03-11 10:53:15.244000,2021-03-11 10:53:15.244000,2021-03-11 10:53:15.244427,0.0,0.427,0.427,1.19643,1.19659,MM,Dom Maklerski Banku Ochrony Srodowiska S.A.,DEMO,MT4,ZMQ,60,EURUSD,0.0,0.0,0,0.00016,118.3157894736842,200.0
307,2021-03-11 10:53:15.306000,2021-03-11 10:53:15.306000,2021-03-11 10:53:15.306901,0.0,0.901,0.901,1.19638,1.19654,MM,Dom Maklerski Banku Ochrony Srodowiska S.A.,DEMO,MT4,ZMQ,60,EURUSD,-5.000000000010552e-05,-5.000000000010552e-05,-1,0.00016,118.3157894736842,200.0
308,2021-03-11 10:53:15.353000,2021-03-11 10:53:15.353000,2021-03-11 10:53:15.353801,0.0,0.8009999999999999,0.8009999999999999,1.19638,1.19654,MM,Dom Maklerski Banku Ochrony Srodowiska S.A.,DEMO,MT4,ZMQ,60,EURUSD,0.0,0.0,0,0.00016,118.3157894736842,200.0
309,2021-03-11 10:53:15.463000,2021-03-11 10:53:15.463000,2021-03-11 10:53:15.463178,0.0,0.178,0.178,1.19638,1.19654,MM,Dom Maklerski Banku Ochrony Srodowiska S.A.,DEMO,MT4,ZMQ,60,EURUSD,0.0,0.0,0,0.00016,118.3157894736842,200.0
310,2021-03-11 10:53:15.572000,2021-03-11 10:53:15.572000,2021-03-11 10:53:15.572552,0.0,0.552,0.552,1.19638,1.19654,MM,Dom Maklerski Banku Ochrony Srodowiska S.A.,DEMO,MT4,ZMQ,60,EURUSD,0.0,0.0,0,0.00016,118.3157894736842,200.0
311,2021-03-11 10:53:15.681000,2021-03-11 10:53:15.681000,2021-03-11 10:53:15.681927,0.0,0.927,0.927,1.19638,1.19654,MM,Dom Maklerski Banku Ochrony Srodowiska S.A.,DEMO,MT4,ZMQ,60,EURUSD,0.0,0.0,0,0.00016,118.3157894736842,200.0
312,2021-03-11 10:53:15.791000,2021-03-11 10:53:15.791000,2021-03-11 10:53:15.791302,0.0,0.302,0.302,1.19638,1.19654,MM,Dom Maklerski Banku Ochrony Srodowiska S.A.,DEMO,MT4,ZMQ,60,EURUSD,0.0,0.0,0,0.00016,118.3157894736842,200.0
313,2021-03-11 10:53:15.900000,2021-03-11 10:53:15.900000,2021-03-11 10:53:15.900651,0.0,0.6509999999999999,0.6509999999999999,1.19638,1.19654,MM,Dom Maklerski Banku Ochrony Srodowiska S.A.,DEMO,MT4,ZMQ,60,EURUSD,0.0,0.0,0,0.00016,118.3157894736842,200.0
314,2021-03-11 10:53:16.010000,2021-03-11 10:53:16.010000,2021-03-11 10:53:16.010026,0.0,0.026,0.026,1.19638,1.19654,MM,Dom Maklerski Banku Ochrony Srodowiska S.A.,DEMO,MT4,ZMQ,60,EURUSD,0.0,0.0,0,0.00016,118.3157894736842,200.0
315,2021-03-11 10:53:16.119000,2021-03-11 10:53:16.119000,2021-03-11 10:53:16.119427,0.0,0.427,0.427,1.19638,1.19654,MM,Dom Maklerski Banku Ochrony Srodowiska S.A.,DEMO,MT4,ZMQ,60,EURUSD,0.0,0.0,0,0.00016,118.3157894736842,200.0
316,2021-03-11 10:53:16.228000,2021-03-11 10:53:16.228000,2021-03-11 10:53:16.228801,0.0,0.8009999999999999,0.8009999999999999,1.19638,1.19654,MM,Dom Maklerski Banku Ochrony Srodowiska S.A.,DEMO,MT4,ZMQ,60,EURUSD,0.0,0.0,0,0.00016,118.3157894736842,200.0
317,2021-03-11 10:53:16.338000,2021-03-11 10:53:16.338000,2021-03-11 10:53:16.338176,0.0,0.176,0.176,1.19638,1.19654,MM,Dom Maklerski Banku Ochrony Srodowiska S.A.,DEMO,MT4,ZMQ,60,EURUSD,0.0,0.0,0,0.00016,118.3157894736842,200.0
318,2021-03-11 10:53:16.447000,2021-03-11 10:53:16.447000,2021-03-11 10:53:16.447551,0.0,0.551,0.551,1.19638,1.19654,MM,Dom Maklerski Banku Ochrony Srodowiska S.A.,DEMO,MT4,ZMQ,60,EURUSD,0.0,0.0,0,0.00016,118.3157894736842,200.0
319,2021-03-11 10:53:16.556000,2021-03-11 10:53:16.556000,2021-03-11 10:53:16.556927,0.0,0.927,0.927,1.19638,1.19654,MM,Dom Maklerski Banku Ochrony Srodowiska S.A.,DEMO,MT4,ZMQ,60,EURUSD,0.0,0.0,0,0.00016,118.3157894736842,200.0
320,2021-03-11 10:53:16.666000,2021-03-11 10:53:16.666000,2021-03-11 10:53:16.666300,0.0,0.3,0.3,1.19638,1.19654,MM,Dom Maklerski Banku Ochrony Srodowiska S.A.,DEMO,MT4,ZMQ,60,EURUSD,0.0,0.0,0,0.00016,118.3157894736842,200.0
321,2021-03-11 10:53:16.775000,2021-03-11 10:53:16.775000,2021-03-11 10:53:16.775651,0.0,0.6509999999999999,0.6509999999999999,1.19638,1.19654,MM,Dom Maklerski Banku Ochrony Srodowiska S.A.,DEMO,MT4,ZMQ,60,EURUSD,0.0,0.0,0,0.00016,118.3157894736842,200.0
322,2021-03-11 10:53:16.885000,2021-03-11 10:53:16.885000,2021-03-11 10:53:16.885051,0.0,0.051,0.051,1.19638,1.19654,MM,Dom Maklerski Banku Ochrony Srodowiska S.A.,DEMO,MT4,ZMQ,60,EURUSD,0.0,0.0,0,0.00016,118.3157894736842,200.0
323,2021-03-11 10:53:16.994000,2021-03-11 10:53:16.994000,2021-03-11 10:53:16.994403,0.0,0.4029999999999999,0.4029999999999999,1.19638,1.19654,MM,Dom Maklerski Banku Ochrony Srodowiska S.A.,DEMO,MT4,ZMQ,60,EURUSD,0.0,0.0,0,0.00016,118.3157894736842,200.0
324,2021-03-11 10:53:17.103000,2021-03-11 10:53:17.103000,2021-03-11 10:53:17.103802,0.0,0.802,0.802,1.19638,1.19654,MM,Dom Maklerski Banku Ochrony Srodowiska S.A.,DEMO,MT4,ZMQ,60,EURUSD,0.0,0.0,0,0.00016,118.3157894736842,200.0
325,2021-03-11 10:53:17.213000,2021-03-11 10:53:17.213000,2021-03-11 10:53:17.213177,0.0,0.177,0.177,1.19638,1.19654,MM,Dom Maklerski Banku Ochrony Srodowiska S.A.,DEMO,MT4,ZMQ,60,EURUSD,0.0,0.0,0,0.00016,118.3157894736842,200.0
326,2021-03-11 10:53:17.322000,2021-03-11 10:53:17.322000,2021-03-11 10:53:17.322552,0.0,0.552,0.552,1.19638,1.19654,MM,Dom Maklerski Banku Ochrony Srodowiska S.A.,DEMO,MT4,ZMQ,60,EURUSD,0.0,0.0,0,0.00016,118.3157894736842,200.0
327,2021-03-11 10:53:17.431000,2021-03-11 10:53:17.431000,2021-03-11 10:53:17.431928,0.0,0.928,0.928,1.19638,1.19654,MM,Dom Maklerski Banku Ochrony Srodowiska S.A.,DEMO,MT4,ZMQ,60,EURUSD,0.0,0.0,0,0.00016,118.3157894736842,200.0
328,2021-03-11 10:53:17.541000,2021-03-11 10:53:17.541000,2021-03-11 10:53:17.541302,0.0,0.302,0.302,1.19638,1.19654,MM,Dom Maklerski Banku Ochrony Srodowiska S.A.,DEMO,MT4,ZMQ,60,EURUSD,0.0,0.0,0,0.00016,118.3157894736842,200.0
329,2021-03-11 10:53:17.650000,2021-03-11 10:53:17.650000,2021-03-11 10:53:17.666277,0.0,16.277,16.277,1.19638,1.19654,MM,Dom Maklerski Banku Ochrony Srodowiska S.A.,DEMO,MT4,ZMQ,60,EURUSD,0.0,0.0,0,0.00016,118.3157894736842,200.0
330,2021-03-11 10:53:17.760000,2021-03-11 10:53:17.760000,2021-03-11 10:53:17.760053,0.0,0.053,0.053,1.19638,1.19654,MM,Dom Maklerski Banku Ochrony Srodowiska S.A.,DEMO,MT4,ZMQ,60,EURUSD,0.0,0.0,0,0.00016,118.3157894736842,200.0
331,2021-03-11 10:53:17.869000,2021-03-11 10:53:17.869000,2021-03-11 10:53:17.869401,0.0,0.401,0.401,1.19638,1.19654,MM,Dom Maklerski Banku Ochrony Srodowiska S.A.,DEMO,MT4,ZMQ,60,EURUSD,0.0,0.0,0,0.00016,118.3157894736842,200.0
332,2021-03-11 10:53:17.978000,2021-03-11 10:53:17.978000,2021-03-11 10:53:17.978777,0.0,0.777,0.777,1.19638,1.19654,MM,Dom Maklerski Banku Ochrony Srodowiska S.A.,DEMO,MT4,ZMQ,60,EURUSD,0.0,0.0,0,0.00016,118.3157894736842,200.0
333,2021-03-11 10:53:18.088000,2021-03-11 10:53:18.088000,2021-03-11 10:53:18.088151,0.0,0.151,0.151,1.19638,1.19654,MM,Dom Maklerski Banku Ochrony Srodowiska S.A.,DEMO,MT4,ZMQ,60,EURUSD,0.0,0.0,0,0.00016,118.3157894736842,200.0
334,2021-03-11 10:53:18.197000,2021-03-11 10:53:18.197000,2021-03-11 10:53:18.197526,0.0,0.526,0.526,1.19638,1.19654,MM,Dom Maklerski Banku Ochrony Srodowiska S.A.,DEMO,MT4,ZMQ,60,EURUSD,0.0,0.0,0,0.00016,118.3157894736842,200.0
335,2021-03-11 10:53:18.306000,2021-03-11 10:53:18.306000,2021-03-11 10:53:18.306927,0.0,0.927,0.927,1.19638,1.19654,MM,Dom Maklerski Banku Ochrony Srodowiska S.A.,DEMO,MT4,ZMQ,60,EURUSD,0.0,0.0,0,0.00016,118.3157894736842,200.0
336,2021-03-11 10:53:18.416000,2021-03-11 10:53:18.416000,2021-03-11 10:53:18.416302,0.0,0.302,0.302,1.19638,1.19654,MM,Dom Maklerski Banku Ochrony Srodowiska S.A.,DEMO,MT4,ZMQ,60,EURUSD,0.0,0.0,0,0.00016,118.3157894736842,200.0
337,2021-03-11 10:53:18.525000,2021-03-11 10:53:18.525000,2021-03-11 10:53:18.525677,0.0,0.677,0.677,1.19638,1.19654,MM,Dom Maklerski Banku Ochrony Srodowiska S.A.,DEMO,MT4,ZMQ,60,EURUSD,0.0,0.0,0,0.00016,118.3157894736842,200.0
338,2021-03-11 10:53:18.635000,2021-03-11 10:53:18.635000,2021-03-11 10:53:18.635052,0.0,0.052,0.052,1.19638,1.19654,MM,Dom Maklerski Banku Ochrony Srodowiska S.A.,DEMO,MT4,ZMQ,60,EURUSD,0.0,0.0,0,0.00016,118.3157894736842,200.0
339,2021-03-11 10:53:18.744000,2021-03-11 10:53:18.744000,2021-03-11 10:53:18.744427,0.0,0.427,0.427,1.19638,1.19654,MM,Dom Maklerski Banku Ochrony Srodowiska S.A.,DEMO,MT4,ZMQ,60,EURUSD,0.0,0.0,0,0.00016,118.3157894736842,200.0
340,2021-03-11 10:53:18.853000,2021-03-11 10:53:18.853000,2021-03-11 10:53:18.853804,0.0,0.804,0.804,1.19638,1.19654,MM,Dom Maklerski Banku Ochrony Srodowiska S.A.,DEMO,MT4,ZMQ,60,EURUSD,0.0,0.0,0,0.00016,118.3157894736842,200.0
341,2021-03-11 10:53:18.963000,2021-03-11 10:53:18.963000,2021-03-11 10:53:18.963180,0.0,0.18,0.18,1.19638,1.19654,MM,Dom Maklerski Banku Ochrony Srodowiska S.A.,DEMO,MT4,ZMQ,60,EURUSD,0.0,0.0,0,0.00016,118.3157894736842,200.0
342,2021-03-11 10:53:19.072000,2021-03-11 10:53:19.072000,2021-03-11 10:53:19.072551,0.0,0.551,0.551,1.19638,1.19654,MM,Dom Maklerski Banku Ochrony Srodowiska S.A.,DEMO,MT4,ZMQ,60,EURUSD,0.0,0.0,0,0.00016,118.3157894736842,200.0
343,2021-03-11 10:53:19.181000,2021-03-11 10:53:19.181000,2021-03-11 10:53:19.181902,0.0,0.902,0.902,1.19638,1.19654,MM,Dom Maklerski Banku Ochrony Srodowiska S.A.,DEMO,MT4,ZMQ,60,EURUSD,0.0,0.0,0,0.00016,118.3157894736842,200.0
344,2021-03-11 10:53:19.291000,2021-03-11 10:53:19.291000,2021-03-11 10:53:19.291278,0.0,0.278,0.278,1.19638,1.19654,MM,Dom Maklerski Banku Ochrony Srodowiska S.A.,DEMO,MT4,ZMQ,60,EURUSD,0.0,0.0,0,0.00016,118.3157894736842,200.0
345,2021-03-11 10:53:19.400000,2021-03-11 10:53:19.400000,2021-03-11 10:53:19.416302,0.0,16.302,16.302,1.19638,1.19654,MM,Dom Maklerski Banku Ochrony Srodowiska S.A.,DEMO,MT4,ZMQ,60,EURUSD,0.0,0.0,0,0.00016,118.3157894736842,200.0
346,2021-03-11 10:53:19.510000,2021-03-11 10:53:19.510000,2021-03-11 10:53:19.510053,0.0,0.053,0.053,1.19638,1.19654,MM,Dom Maklerski Banku Ochrony Srodowiska S.A.,DEMO,MT4,ZMQ,60,EURUSD,0.0,0.0,0,0.00016,118.3157894736842,200.0
347,2021-03-11 10:53:19.619000,2021-03-11 10:53:19.619000,2021-03-11 10:53:19.619427,0.0,0.427,0.427,1.19638,1.19654,MM,Dom Maklerski Banku Ochrony Srodowiska S.A.,DEMO,MT4,ZMQ,60,EURUSD,0.0,0.0,0,0.00016,118.3157894736842,200.0
348,2021-03-11 10:53:19.728000,2021-03-11 10:53:19.728000,2021-03-11 10:53:19.728779,0.0,0.779,0.779,1.19638,1.19654,MM,Dom Maklerski Banku Ochrony Srodowiska S.A.,DEMO,MT4,ZMQ,60,EURUSD,0.0,0.0,0,0.00016,118.3157894736842,200.0
349,2021-03-11 10:53:19.838000,2021-03-11 10:53:19.838000,2021-03-11 10:53:19.838177,0.0,0.177,0.177,1.19638,1.19654,MM,Dom Maklerski Banku Ochrony Srodowiska S.A.,DEMO,MT4,ZMQ,60,EURUSD,0.0,0.0,0,0.00016,118.3157894736842,200.0
350,2021-03-11 10:53:19.947000,2021-03-11 10:53:19.947000,2021-03-11 10:53:19.947553,0.0,0.5529999999999999,0.5529999999999999,1.19638,1.19654,MM,Dom Maklerski Banku Ochrony Srodowiska S.A.,DEMO,MT4,ZMQ,60,EURUSD,0.0,0.0,0,0.00016,118.3157894736842,200.0
351,2021-03-11 10:53:20.056000,2021-03-11 10:53:20.056000,2021-03-11 10:53:20.056901,0.0,0.901,0.901,1.19638,1.19654,MM,Dom Maklerski Banku Ochrony Srodowiska S.A.,DEMO,MT4,ZMQ,60,EURUSD,0.0,0.0,0,0.00016,118.3157894736842,200.0
352,2021-03-11 10:53:20.166000,2021-03-11 10:53:20.166000,2021-03-11 10:53:20.166302,0.0,0.302,0.302,1.19638,1.19654,MM,Dom Maklerski Banku Ochrony Srodowiska S.A.,DEMO,MT4,ZMQ,60,EURUSD,0.0,0.0,0,0.00016,118.3157894736842,200.0
353,2021-03-11 10:53:20.275000,2021-03-11 10:53:20.275000,2021-03-11 10:53:20.275676,0.0,0.6759999999999999,0.6759999999999999,1.19638,1.19654,MM,Dom Maklerski Banku Ochrony Srodowiska S.A.,DEMO,MT4,ZMQ,60,EURUSD,0.0,0.0,0,0.00016,118.3157894736842,200.0
354,2021-03-11 10:53:20.385000,2021-03-11 10:53:20.385000,2021-03-11 10:53:20.385052,0.0,0.052,0.052,1.19638,1.19654,MM,Dom Maklerski Banku Ochrony Srodowiska S.A.,DEMO,MT4,ZMQ,60,EURUSD,0.0,0.0,0,0.00016,118.3157894736842,200.0
355,2021-03-11 10:53:20.494000,2021-03-11 10:53:20.494000,2021-03-11 10:53:20.494427,0.0,0.427,0.427,1.19638,1.19654,MM,Dom Maklerski Banku Ochrony Srodowiska S.A.,DEMO,MT4,ZMQ,60,EURUSD,0.0,0.0,0,0.00016,118.3157894736842,200.0
356,2021-03-11 10:53:20.525000,2021-03-11 10:53:20.525000,2021-03-11 10:53:20.525681,0.0,0.6809999999999999,0.6809999999999999,1.19643,1.19659,MM,Dom Maklerski Banku Ochrony Srodowiska S.A.,DEMO,MT4,ZMQ,60,EURUSD,5.000000000010552e-05,5.000000000010552e-05,1,0.00016,118.3157894736842,200.0
357,2021-03-11 10:53:20.603000,2021-03-11 10:53:20.603000,2021-03-11 10:53:20.603775,0.0,0.775,0.775,1.19643,1.19659,MM,Dom Maklerski Banku Ochrony Srodowiska S.A.,DEMO,MT4,ZMQ,60,EURUSD,0.0,0.0,0,0.00016,118.3157894736842,200.0
358,2021-03-11 10:53:20.713000,2021-03-11 10:53:20.713000,2021-03-11 10:53:20.713151,0.0,0.151,0.151,1.19643,1.19659,MM,Dom Maklerski Banku Ochrony Srodowiska S.A.,DEMO,MT4,ZMQ,60,EURUSD,0.0,0.0,0,0.00016,118.3157894736842,200.0
359,2021-03-11 10:53:20.822000,2021-03-11 10:53:20.822000,2021-03-11 10:53:20.822552,0.0,0.552,0.552,1.19643,1.19659,MM,Dom Maklerski Banku Ochrony Srodowiska S.A.,DEMO,MT4,ZMQ,60,EURUSD,0.0,0.0,0,0.00016,118.3157894736842,200.0
360,2021-03-11 10:53:20.931000,2021-03-11 10:53:20.931000,2021-03-11 10:53:20.931901,0.0,0.901,0.901,1.19643,1.19659,MM,Dom Maklerski Banku Ochrony Srodowiska S.A.,DEMO,MT4,ZMQ,60,EURUSD,0.0,0.0,0,0.00016,118.3157894736842,200.0
361,2021-03-11 10:53:21.041000,2021-03-11 10:53:21.041000,2021-03-11 10:53:21.041307,0.0,0.307,0.307,1.19643,1.19659,MM,Dom Maklerski Banku Ochrony Srodowiska S.A.,DEMO,MT4,ZMQ,60,EURUSD,0.0,0.0,0,0.00016,118.3157894736842,200.0
362,2021-03-11 10:53:21.150000,2021-03-11 10:53:21.150000,2021-03-11 10:53:21.150676,0.0,0.6759999999999999,0.6759999999999999,1.19643,1.19659,MM,Dom Maklerski Banku Ochrony Srodowiska S.A.,DEMO,MT4,ZMQ,60,EURUSD,0.0,0.0,0,0.00016,118.3157894736842,200.0
363,2021-03-11 10:53:21.260000,2021-03-11 10:53:21.260000,2021-03-11 10:53:21.260050,0.0,0.05,0.05,1.19643,1.19659,MM,Dom Maklerski Banku Ochrony Srodowiska S.A.,DEMO,MT4,ZMQ,60,EURUSD,0.0,0.0,0,0.00016,118.3157894736842,200.0
364,2021-03-11 10:53:21.369000,2021-03-11 10:53:21.369000,2021-03-11 10:53:21.369429,0.0,0.429,0.429,1.19643,1.19659,MM,Dom Maklerski Banku Ochrony Srodowiska S.A.,DEMO,MT4,ZMQ,60,EURUSD,0.0,0.0,0,0.00016,118.3157894736842,200.0
365,2021-03-11 10:53:21.478000,2021-03-11 10:53:21.478000,2021-03-11 10:53:21.478802,0.0,0.802,0.802,1.19643,1.19659,MM,Dom Maklerski Banku Ochrony Srodowiska S.A.,DEMO,MT4,ZMQ,60,EURUSD,0.0,0.0,0,0.00016,118.3157894736842,200.0
366,2021-03-11 10:53:21.588000,2021-03-11 10:53:21.588000,2021-03-11 10:53:21.588176,0.0,0.176,0.176,1.19643,1.19659,MM,Dom Maklerski Banku Ochrony Srodowiska S.A.,DEMO,MT4,ZMQ,60,EURUSD,0.0,0.0,0,0.00016,118.3157894736842,200.0
367,2021-03-11 10:53:21.697000,2021-03-11 10:53:21.697000,2021-03-11 10:53:21.697551,0.0,0.551,0.551,1.19643,1.19659,MM,Dom Maklerski Banku Ochrony Srodowiska S.A.,DEMO,MT4,ZMQ,60,EURUSD,0.0,0.0,0,0.00016,118.3157894736842,200.0
368,2021-03-11 10:53:21.806000,2021-03-11 10:53:21.806000,2021-03-11 10:53:21.806929,0.0,0.929,0.929,1.19643,1.19659,MM,Dom Maklerski Banku Ochrony Srodowiska S.A.,DEMO,MT4,ZMQ,60,EURUSD,0.0,0.0,0,0.00016,118.3157894736842,200.0
369,2021-03-11 10:53:21.916000,2021-03-11 10:53:21.916000,2021-03-11 10:53:21.916305,0.0,0.305,0.305,1.19643,1.19659,MM,Dom Maklerski Banku Ochrony Srodowiska S.A.,DEMO,MT4,ZMQ,60,EURUSD,0.0,0.0,0,0.00016,118.3157894736842,200.0
370,2021-03-11 10:53:22.025000,2021-03-11 10:53:22.025000,2021-03-11 10:53:22.025677,0.0,0.677,0.677,1.19643,1.19659,MM,Dom Maklerski Banku Ochrony Srodowiska S.A.,DEMO,MT4,ZMQ,60,EURUSD,0.0,0.0,0,0.00016,118.3157894736842,200.0
371,2021-03-11 10:53:22.135000,2021-03-11 10:53:22.135000,2021-03-11 10:53:22.135047,0.0,0.047,0.047,1.19643,1.19659,MM,Dom Maklerski Banku Ochrony Srodowiska S.A.,DEMO,MT4,ZMQ,60,EURUSD,0.0,0.0,0,0.00016,118.3157894736842,200.0
372,2021-03-11 10:53:22.244000,2021-03-11 10:53:22.244000,2021-03-11 10:53:22.244403,0.0,0.4029999999999999,0.4029999999999999,1.19643,1.19659,MM,Dom Maklerski Banku Ochrony Srodowiska S.A.,DEMO,MT4,ZMQ,60,EURUSD,0.0,0.0,0,0.00016,118.3157894736842,200.0
373,2021-03-11 10:53:22.353000,2021-03-11 10:53:22.353000,2021-03-11 10:53:22.353802,0.0,0.802,0.802,1.19643,1.19659,MM,Dom Maklerski Banku Ochrony Srodowiska S.A.,DEMO,MT4,ZMQ,60,EURUSD,0.0,0.0,0,0.00016,118.3157894736842,200.0
374,2021-03-11 10:53:22.463000,2021-03-11 10:53:22.463000,2021-03-11 10:53:22.463150,0.0,0.15,0.15,1.19643,1.19659,MM,Dom Maklerski Banku Ochrony Srodowiska S.A.,DEMO,MT4,ZMQ,60,EURUSD,0.0,0.0,0,0.00016,118.3157894736842,200.0
375,2021-03-11 10:53:22.572000,2021-03-11 10:53:22.572000,2021-03-11 10:53:22.572553,0.0,0.5529999999999999,0.5529999999999999,1.19643,1.19659,MM,Dom Maklerski Banku Ochrony Srodowiska S.A.,DEMO,MT4,ZMQ,60,EURUSD,0.0,0.0,0,0.00016,118.3157894736842,200.0
376,2021-03-11 10:53:22.681000,2021-03-11 10:53:22.681000,2021-03-11 10:53:22.681927,0.0,0.927,0.927,1.19643,1.19659,MM,Dom Maklerski Banku Ochrony Srodowiska S.A.,DEMO,MT4,ZMQ,60,EURUSD,0.0,0.0,0,0.00016,118.3157894736842,200.0
377,2021-03-11 10:53:22.791000,2021-03-11 10:53:22.791000,2021-03-11 10:53:22.791277,0.0,0.2769999999999999,0.2769999999999999,1.19643,1.19659,MM,Dom Maklerski Banku Ochrony Srodowiska S.A.,DEMO,MT4,ZMQ,60,EURUSD,0.0,0.0,0,0.00016,118.3157894736842,200.0
378,2021-03-11 10:53:22.900000,2021-03-11 10:53:22.900000,2021-03-11 10:53:22.916277,0.0,16.277,16.277,1.19643,1.19659,MM,Dom Maklerski Banku Ochrony Srodowiska S.A.,DEMO,MT4,ZMQ,60,EURUSD,0.0,0.0,0,0.00016,118.3157894736842,200.0
379,2021-03-11 10:53:23.010000,2021-03-11 10:53:23.010000,2021-03-11 10:53:23.010052,0.0,0.052,0.052,1.19643,1.19659,MM,Dom Maklerski Banku Ochrony Srodowiska S.A.,DEMO,MT4,ZMQ,60,EURUSD,0.0,0.0,0,0.00016,118.3157894736842,200.0
380,2021-03-11 10:53:23.119000,2021-03-11 10:53:23.119000,2021-03-11 10:53:23.119428,0.0,0.428,0.428,1.19643,1.19659,MM,Dom Maklerski Banku Ochrony Srodowiska S.A.,DEMO,MT4,ZMQ,60,EURUSD,0.0,0.0,0,0.00016,118.3157894736842,200.0
381,2021-03-11 10:53:23.228000,2021-03-11 10:53:23.228000,2021-03-11 10:53:23.228802,0.0,0.802,0.802,1.19643,1.19659,MM,Dom Maklerski Banku Ochrony Srodowiska S.A.,DEMO,MT4,ZMQ,60,EURUSD,0.0,0.0,0,0.00016,118.3157894736842,200.0
382,2021-03-11 10:53:23.338000,2021-03-11 10:53:23.338000,2021-03-11 10:53:23.338176,0.0,0.176,0.176,1.19643,1.19659,MM,Dom Maklerski Banku Ochrony Srodowiska S.A.,DEMO,MT4,ZMQ,60,EURUSD,0.0,0.0,0,0.00016,118.3157894736842,200.0
383,2021-03-11 10:53:23.447000,2021-03-11 10:53:23.447000,2021-03-11 10:53:23.447552,0.0,0.552,0.552,1.19643,1.19659,MM,Dom Maklerski Banku Ochrony Srodowiska S.A.,DEMO,MT4,ZMQ,60,EURUSD,0.0,0.0,0,0.00016,118.3157894736842,200.0
384,2021-03-11 10:53:23.556000,2021-03-11 10:53:23.556000,2021-03-11 10:53:23.556928,0.0,0.928,0.928,1.19643,1.19659,MM,Dom Maklerski Banku Ochrony Srodowiska S.A.,DEMO,MT4,ZMQ,60,EURUSD,0.0,0.0,0,0.00016,118.3157894736842,200.0
385,2021-03-11 10:53:23.666000,2021-03-11 10:53:23.666000,2021-03-11 10:53:23.666276,0.0,0.276,0.276,1.19643,1.19659,MM,Dom Maklerski Banku Ochrony Srodowiska S.A.,DEMO,MT4,ZMQ,60,EURUSD,0.0,0.0,0,0.00016,118.3157894736842,200.0
386,2021-03-11 10:53:23.775000,2021-03-11 10:53:23.775000,2021-03-11 10:53:23.775678,0.0,0.6779999999999999,0.6779999999999999,1.19643,1.19659,MM,Dom Maklerski Banku Ochrony Srodowiska S.A.,DEMO,MT4,ZMQ,60,EURUSD,0.0,0.0,0,0.00016,118.3157894736842,200.0
387,2021-03-11 10:53:23.885000,2021-03-11 10:53:23.885000,2021-03-11 10:53:23.885054,0.0,0.054,0.054,1.19643,1.19659,MM,Dom Maklerski Banku Ochrony Srodowiska S.A.,DEMO,MT4,ZMQ,60,EURUSD,0.0,0.0,0,0.00016,118.3157894736842,200.0
388,2021-03-11 10:53:23.994000,2021-03-11 10:53:23.994000,2021-03-11 10:53:23.994403,0.0,0.4029999999999999,0.4029999999999999,1.19643,1.19659,MM,Dom Maklerski Banku Ochrony Srodowiska S.A.,DEMO,MT4,ZMQ,60,EURUSD,0.0,0.0,0,0.00016,118.3157894736842,200.0
389,2021-03-11 10:53:24.103000,2021-03-11 10:53:24.103000,2021-03-11 10:53:24.103778,0.0,0.778,0.778,1.19643,1.19659,MM,Dom Maklerski Banku Ochrony Srodowiska S.A.,DEMO,MT4,ZMQ,60,EURUSD,0.0,0.0,0,0.00016,118.3157894736842,200.0
390,2021-03-11 10:53:24.213000,2021-03-11 10:53:24.213000,2021-03-11 10:53:24.213178,0.0,0.178,0.178,1.19643,1.19659,MM,Dom Maklerski Banku Ochrony Srodowiska S.A.,DEMO,MT4,ZMQ,60,EURUSD,0.0,0.0,0,0.00016,118.3157894736842,200.0
391,2021-03-11 10:53:24.322000,2021-03-11 10:53:24.322000,2021-03-11 10:53:24.322558,0.0,0.5579999999999999,0.5579999999999999,1.19643,1.19659,MM,Dom Maklerski Banku Ochrony Srodowiska S.A.,DEMO,MT4,ZMQ,60,EURUSD,0.0,0.0,0,0.00016,118.3157894736842,200.0
392,2021-03-11 10:53:24.369000,2021-03-11 10:53:24.369000,2021-03-11 10:53:24.369428,0.0,0.428,0.428,1.1963700000000002,1.19653,MM,Dom Maklerski Banku Ochrony Srodowiska S.A.,DEMO,MT4,ZMQ,60,EURUSD,-5.9999999999948976e-05,-6.000000000017104e-05,-1,0.00016,118.3157894736842,200.0
393,2021-03-11 10:53:24.431000,2021-03-11 10:53:24.431000,2021-03-11 10:53:24.431929,0.0,0.929,0.929,1.1963700000000002,1.19653,MM,Dom Maklerski Banku Ochrony Srodowiska S.A.,DEMO,MT4,ZMQ,60,EURUSD,0.0,0.0,0,0.00016,118.3157894736842,200.0
394,2021-03-11 10:53:24.541000,2021-03-11 10:53:24.541000,2021-03-11 10:53:24.541302,0.0,0.302,0.302,1.1963700000000002,1.19653,MM,Dom Maklerski Banku Ochrony Srodowiska S.A.,DEMO,MT4,ZMQ,60,EURUSD,0.0,0.0,0,0.00016,118.3157894736842,200.0
395,2021-03-11 10:53:24.556000,2021-03-11 10:53:24.556000,2021-03-11 10:53:24.572553,0.0,16.553,16.553,1.19642,1.19658,MM,Dom Maklerski Banku Ochrony Srodowiska S.A.,DEMO,MT4,ZMQ,60,EURUSD,4.999999999988347e-05,5.000000000010552e-05,1,0.00016,118.3157894736842,200.0
396,2021-03-11 10:53:24.650000,2021-03-11 10:53:24.650000,2021-03-11 10:53:24.650677,0.0,0.677,0.677,1.19642,1.19658,MM,Dom Maklerski Banku Ochrony Srodowiska S.A.,DEMO,MT4,ZMQ,60,EURUSD,0.0,0.0,0,0.00016,118.3157894736842,200.0
397,2021-03-11 10:53:24.760000,2021-03-11 10:53:24.760000,2021-03-11 10:53:24.760054,0.0,0.054,0.054,1.19642,1.19658,MM,Dom Maklerski Banku Ochrony Srodowiska S.A.,DEMO,MT4,ZMQ,60,EURUSD,0.0,0.0,0,0.00016,118.3157894736842,200.0
398,2021-03-11 10:53:24.869000,2021-03-11 10:53:24.869000,2021-03-11 10:53:24.869430,0.0,0.43,0.43,1.19642,1.19658,MM,Dom Maklerski Banku Ochrony Srodowiska S.A.,DEMO,MT4,ZMQ,60,EURUSD,0.0,0.0,0,0.00016,118.3157894736842,200.0
399,2021-03-11 10:53:24.978000,2021-03-11 10:53:24.978000,2021-03-11 10:53:24.978804,0.0,0.804,0.804,1.19642,1.19658,MM,Dom Maklerski Banku Ochrony Srodowiska S.A.,DEMO,MT4,ZMQ,60,EURUSD,0.0,0.0,0,0.00016,118.3157894736842,200.0
400,2021-03-11 16:00:56.082000,2021-03-11 16:00:56.082000,2021-03-11 16:00:59.369874,0.0,3287.874,3287.874,1.19592,1.19608,MM,Dom Maklerski Banku Ochrony Srodowiska S.A.,DEMO,MT4,ZMQ,60,EURUSD,0.0,0.0,0,0.00016,118.3157894736842,200.0
401,2021-03-11 16:00:56.203000,2021-03-11 16:00:56.203000,2021-03-11 16:00:59.401123,0.0,3198.123,3198.123,1.19592,1.19608,MM,Dom Maklerski Banku Ochrony Srodowiska S.A.,DEMO,MT4,ZMQ,60,EURUSD,0.0,0.0,0,0.00016,118.3157894736842,200.0
402,2021-03-11 16:00:56.322000,2021-03-11 16:00:56.322000,2021-03-11 16:00:59.447972,0.0,3125.972,3125.972,1.19592,1.19608,MM,Dom Maklerski Banku Ochrony Srodowiska S.A.,DEMO,MT4,ZMQ,60,EURUSD,0.0,0.0,0,0.00016,118.3157894736842,200.0
403,2021-03-11 16:00:56.423000,2021-03-11 16:00:56.423000,2021-03-11 16:00:59.479249,0.0,3056.249,3056.249,1.19592,1.19608,MM,Dom Maklerski Banku Ochrony Srodowiska S.A.,DEMO,MT4,ZMQ,60,EURUSD,0.0,0.0,0,0.00016,118.3157894736842,200.0
404,2021-03-11 16:00:56.542000,2021-03-11 16:00:56.542000,2021-03-11 16:00:59.526123,0.0,2984.123,2984.123,1.19592,1.19608,MM,Dom Maklerski Banku Ochrony Srodowiska S.A.,DEMO,MT4,ZMQ,60,EURUSD,0.0,0.0,0,0.00016,118.3157894736842,200.0
405,2021-03-11 16:00:56.644000,2021-03-11 16:00:56.644000,2021-03-11 16:00:59.572995,0.0,2928.995,2928.995,1.19592,1.19608,MM,Dom Maklerski Banku Ochrony Srodowiska S.A.,DEMO,MT4,ZMQ,60,EURUSD,0.0,0.0,0,0.00016,118.3157894736842,200.0
406,2021-03-11 16:00:56.767000,2021-03-11 16:00:56.767000,2021-03-11 16:00:59.619848,0.0,2852.848,2852.848,1.19592,1.19608,MM,Dom Maklerski Banku Ochrony Srodowiska S.A.,DEMO,MT4,ZMQ,60,EURUSD,0.0,0.0,0,0.00016,118.3157894736842,200.0
407,2021-03-11 16:00:56.863000,2021-03-11 16:00:56.863000,2021-03-11 16:00:59.651126,0.0,2788.126,2788.126,1.19592,1.19608,MM,Dom Maklerski Banku Ochrony Srodowiska S.A.,DEMO,MT4,ZMQ,60,EURUSD,0.0,0.0,0,0.00016,118.3157894736842,200.0
408,2021-03-11 16:00:56.978000,2021-03-11 16:00:56.978000,2021-03-11 16:00:59.698001,0.0,2720.001,2720.001,1.19591,1.19607,MM,Dom Maklerski Banku Ochrony Srodowiska S.A.,DEMO,MT4,ZMQ,60,EURUSD,-1.0000000000065512e-05,-1.0000000000065512e-05,-1,0.00016,118.3157894736842,200.0
409,2021-03-11 16:00:56.978000,2021-03-11 16:00:56.978000,2021-03-11 16:00:59.744873,0.0,2766.873,2766.873,1.19591,1.19607,MM,Dom Maklerski Banku Ochrony Srodowiska S.A.,DEMO,MT4,ZMQ,60,EURUSD,0.0,0.0,0,0.00016,118.3157894736842,200.0
410,2021-03-11 16:00:57.003300,2021-03-11 16:00:57.003300,2021-03-11 16:00:59.776125,0.0,2772.825,2772.825,1.19597,1.19613,MM,Dom Maklerski Banku Ochrony Srodowiska S.A.,DEMO,MT4,ZMQ,60,EURUSD,5.999999999994898e-05,5.999999999994898e-05,1,0.00016,118.3157894736842,200.0
411,2021-03-11 16:00:57.083000,2021-03-11 16:00:57.083000,2021-03-11 16:00:59.823001,0.0,2740.001,2740.001,1.19597,1.19613,MM,Dom Maklerski Banku Ochrony Srodowiska S.A.,DEMO,MT4,ZMQ,60,EURUSD,0.0,0.0,0,0.00016,118.3157894736842,200.0
412,2021-03-11 16:00:57.203000,2021-03-11 16:00:57.203000,2021-03-11 16:00:59.854248,0.0,2651.248,2651.248,1.19597,1.19613,MM,Dom Maklerski Banku Ochrony Srodowiska S.A.,DEMO,MT4,ZMQ,60,EURUSD,0.0,0.0,0,0.00016,118.3157894736842,200.0
413,2021-03-11 16:00:57.322000,2021-03-11 16:00:57.322000,2021-03-11 16:00:59.901125,0.0,2579.125,2579.125,1.19597,1.19613,MM,Dom Maklerski Banku Ochrony Srodowiska S.A.,DEMO,MT4,ZMQ,60,EURUSD,0.0,0.0,0,0.00016,118.3157894736842,200.0
414,2021-03-11 16:00:57.402000,2021-03-11 16:00:57.402000,2021-03-11 16:00:59.948000,0.0,2546.0,2546.0,1.19591,1.19607,MM,Dom Maklerski Banku Ochrony Srodowiska S.A.,DEMO,MT4,ZMQ,60,EURUSD,-5.999999999994898e-05,-5.999999999994898e-05,-1,0.00016,118.3157894736842,200.0
415,2021-03-11 16:00:57.443000,2021-03-11 16:00:57.443000,2021-03-11 16:00:59.979248,0.0,2536.248,2536.248,1.19591,1.19607,MM,Dom Maklerski Banku Ochrony Srodowiska S.A.,DEMO,MT4,ZMQ,60,EURUSD,0.0,0.0,0,0.00016,118.3157894736842,200.0
416,2021-03-11 16:00:57.462000,2021-03-11 16:00:57.462000,2021-03-11 16:01:00.026127,0.0,2564.127,2564.127,1.19592,1.19608,MM,Dom Maklerski Banku Ochrony Srodowiska S.A.,DEMO,MT4,ZMQ,60,EURUSD,1.0000000000065512e-05,1.0000000000065512e-05,1,0.00016,118.3157894736842,200.0
417,2021-03-11 16:00:57.483000,2021-03-11 16:00:57.483000,2021-03-11 16:01:00.072971,0.0,2589.971,2589.971,1.19597,1.19613,MM,Dom Maklerski Banku Ochrony Srodowiska S.A.,DEMO,MT4,ZMQ,60,EURUSD,4.999999999988347e-05,4.999999999988347e-05,1,0.00016,118.3157894736842,200.0
418,2021-03-11 16:00:57.523000,2021-03-11 16:00:57.523000,2021-03-11 16:01:00.104248,0.0,2581.248,2581.248,1.19592,1.19608,MM,Dom Maklerski Banku Ochrony Srodowiska S.A.,DEMO,MT4,ZMQ,60,EURUSD,-4.999999999988347e-05,-4.999999999988347e-05,-1,0.00016,118.3157894736842,200.0
419,2021-03-11 16:00:57.552000,2021-03-11 16:00:57.552000,2021-03-11 16:01:00.151123,0.0,2599.123,2599.123,1.19592,1.19608,MM,Dom Maklerski Banku Ochrony Srodowiska S.A.,DEMO,MT4,ZMQ,60,EURUSD,0.0,0.0,0,0.00016,118.3157894736842,200.0
420,2021-03-11 16:00:57.579000,2021-03-11 16:00:57.579000,2021-03-11 16:01:00.197999,0.0,2618.999,2618.999,1.19592,1.19608,MM,Dom Maklerski Banku Ochrony Srodowiska S.A.,DEMO,MT4,ZMQ,60,EURUSD,0.0,0.0,0,0.00016,118.3157894736842,200.0
421,2021-03-11 16:00:57.610000,2021-03-11 16:00:57.610000,2021-03-11 16:01:00.237477,0.0,2627.477,2627.477,1.19597,1.19613,MM,Dom Maklerski Banku Ochrony Srodowiska S.A.,DEMO,MT4,ZMQ,60,EURUSD,4.999999999988347e-05,4.999999999988347e-05,1,0.00016,118.3157894736842,200.0
422,2021-03-11 16:00:57.658000,2021-03-11 16:00:57.658000,2021-03-11 16:01:00.268754,0.0,2610.754,2610.754,1.19597,1.19613,MM,Dom Maklerski Banku Ochrony Srodowiska S.A.,DEMO,MT4,ZMQ,60,EURUSD,0.0,0.0,0,0.00016,118.3157894736842,200.0
423,2021-03-11 16:00:57.767000,2021-03-11 16:00:57.767000,2021-03-11 16:01:00.315628,0.0,2548.628,2548.628,1.19597,1.19613,MM,Dom Maklerski Banku Ochrony Srodowiska S.A.,DEMO,MT4,ZMQ,60,EURUSD,0.0,0.0,0,0.00016,118.3157894736842,200.0
