,Creation Time,Terminal Time,Current Time,X,Y,Z,Bid,Ask,TypeBroker,BrokerName,DR,Terminal,Protocol,Symbol
0,2020-08-04 10:40:09.884000,2020-08-04 10:40:09.894000,2020-08-04 10:40:10.232052,10.0,338.052,348.052,1.17774,1.17788,MM,OANDA DIVISION1,REAL,MT4,ZMQ,EURUSD
1,2020-08-04 10:40:09.991100,2020-08-04 10:40:10.001100,2020-08-04 10:40:10.257051,10.0,255.951,265.951,1.17774,1.17788,MM,OANDA DIVISION1,REAL,MT4,ZMQ,EURUSD
2,2020-08-04 10:40:10.114000,2020-08-04 10:40:10.124000,2020-08-04 10:40:10.283074,10.0,159.074,169.074,1.17774,1.17788,MM,OANDA DIVISION1,REAL,MT4,ZMQ,EURUSD
3,2020-08-04 10:40:10.178000,2020-08-04 10:40:10.188000,2020-08-04 10:40:10.309074,10.0,121.074,131.074,1.17774,1.17788,MM,OANDA DIVISION1,REAL,MT4,ZMQ,EURUSD
4,2020-08-04 10:40:10.210000,2020-08-04 10:40:10.220000,2020-08-04 10:40:10.335051,10.0,115.051,125.051,1.17774,1.17788,MM,OANDA DIVISION1,REAL,MT4,ZMQ,EURUSD
5,2020-08-04 10:40:10.319000,2020-08-04 10:40:10.329000,2020-08-04 10:40:10.362050,10.0,33.05,43.05,1.17774,1.17788,MM,OANDA DIVISION1,REAL,MT4,ZMQ,EURUSD
6,2020-08-04 10:40:10.426000,2020-08-04 10:40:10.436000,2020-08-04 10:40:10.440075,10.0,4.075,14.075,1.17774,1.17788,MM,OANDA DIVISION1,REAL,MT4,ZMQ,EURUSD
7,2020-08-04 10:40:10.534000,2020-08-04 10:40:10.544000,2020-08-04 10:40:10.548074,10.0,4.074,14.074,1.17774,1.17788,MM,OANDA DIVISION1,REAL,MT4,ZMQ,EURUSD
8,2020-08-04 10:40:10.647000,2020-08-04 10:40:10.657000,2020-08-04 10:40:10.661080,10.0,4.08,14.08,1.17774,1.17788,MM,OANDA DIVISION1,REAL,MT4,ZMQ,EURUSD
9,2020-08-04 10:40:10.752000,2020-08-04 10:40:10.762000,2020-08-04 10:40:10.766081,10.0,4.081,14.081,1.17774,1.17788,MM,OANDA DIVISION1,REAL,MT4,ZMQ,EURUSD
10,2020-08-04 10:40:10.863000,2020-08-04 10:40:10.873000,2020-08-04 10:40:10.877081,10.0,4.081,14.081,1.17774,1.17788,MM,OANDA DIVISION1,REAL,MT4,ZMQ,EURUSD
11,2020-08-04 10:40:10.986000,2020-08-04 10:40:10.996000,2020-08-04 10:40:11.001076,10.0,5.076,15.076,1.17774,1.17788,MM,OANDA DIVISION1,REAL,MT4,ZMQ,EURUSD
12,2020-08-04 10:40:11.067000,2020-08-04 10:40:11.077000,2020-08-04 10:40:11.081076,10.0,4.076,14.076,1.17776,1.17789,MM,OANDA DIVISION1,REAL,MT4,ZMQ,EURUSD
13,2020-08-04 10:40:11.084000,2020-08-04 10:40:11.094000,2020-08-04 10:40:11.107052,10.0,13.052,23.052,1.17776,1.17789,MM,OANDA DIVISION1,REAL,MT4,ZMQ,EURUSD
14,2020-08-04 10:40:11.193000,2020-08-04 10:40:11.203000,2020-08-04 10:40:11.207081,10.0,4.081,14.081,1.17776,1.17789,MM,OANDA DIVISION1,REAL,MT4,ZMQ,EURUSD
15,2020-08-04 10:40:11.302000,2020-08-04 10:40:11.312000,2020-08-04 10:40:11.316080,10.0,4.08,14.08,1.17776,1.17789,MM,OANDA DIVISION1,REAL,MT4,ZMQ,EURUSD
16,2020-08-04 10:40:11.412000,2020-08-04 10:40:11.422000,2020-08-04 10:40:11.426120,10.0,4.12,14.12,1.17776,1.17789,MM,OANDA DIVISION1,REAL,MT4,ZMQ,EURUSD
17,2020-08-04 10:40:11.523000,2020-08-04 10:40:11.533000,2020-08-04 10:40:11.538119,10.0,5.119,15.119,1.17776,1.17789,MM,OANDA DIVISION1,REAL,MT4,ZMQ,EURUSD
18,2020-08-04 10:40:11.629000,2020-08-04 10:40:11.639000,2020-08-04 10:40:11.643140,10.0,4.14,14.14,1.17776,1.17789,MM,OANDA DIVISION1,REAL,MT4,ZMQ,EURUSD
19,2020-08-04 10:40:11.735000,2020-08-04 10:40:11.745000,2020-08-04 10:40:11.749139,10.0,4.139,14.139,1.17776,1.17789,MM,OANDA DIVISION1,REAL,MT4,ZMQ,EURUSD
20,2020-08-04 10:40:11.848000,2020-08-04 10:40:11.858000,2020-08-04 10:40:11.862140,10.0,4.14,14.14,1.17776,1.17789,MM,OANDA DIVISION1,REAL,MT4,ZMQ,EURUSD
21,2020-08-04 10:40:11.954000,2020-08-04 10:40:11.964000,2020-08-04 10:40:11.968142,10.0,4.142,14.142,1.17776,1.17789,MM,OANDA DIVISION1,REAL,MT4,ZMQ,EURUSD
22,2020-08-04 10:40:12.063000,2020-08-04 10:40:12.073000,2020-08-04 10:40:12.078140,10.0,5.14,15.14,1.17776,1.17789,MM,OANDA DIVISION1,REAL,MT4,ZMQ,EURUSD
23,2020-08-04 10:40:12.136000,2020-08-04 10:40:12.146000,2020-08-04 10:40:12.150141,10.0,4.141,14.141,1.17777,1.1779,MM,OANDA DIVISION1,REAL,MT4,ZMQ,EURUSD
24,2020-08-04 10:40:12.173000,2020-08-04 10:40:12.183000,2020-08-04 10:40:12.187141,10.0,4.141,14.141,1.17777,1.1779,MM,OANDA DIVISION1,REAL,MT4,ZMQ,EURUSD
25,2020-08-04 10:40:12.192000,2020-08-04 10:40:12.202000,2020-08-04 10:40:12.213166,10.0,11.166,21.166,1.17779,1.17792,MM,OANDA DIVISION1,REAL,MT4,ZMQ,EURUSD
26,2020-08-04 10:40:12.283000,2020-08-04 10:40:12.293000,2020-08-04 10:40:12.297140,10.0,4.14,14.14,1.17779,1.17792,MM,OANDA DIVISION1,REAL,MT4,ZMQ,EURUSD
27,2020-08-04 10:40:12.405000,2020-08-04 10:40:12.415000,2020-08-04 10:40:12.419142,10.0,4.142,14.142,1.17779,1.17792,MM,OANDA DIVISION1,REAL,MT4,ZMQ,EURUSD
28,2020-08-04 10:40:12.412000,2020-08-04 10:40:12.422000,2020-08-04 10:40:12.447169,10.0,25.169,35.169,1.17779,1.17793,MM,OANDA DIVISION1,REAL,MT4,ZMQ,EURUSD
29,2020-08-04 10:40:12.502000,2020-08-04 10:40:12.512000,2020-08-04 10:40:12.516203,10.0,4.203,14.203,1.17779,1.17793,MM,OANDA DIVISION1,REAL,MT4,ZMQ,EURUSD
30,2020-08-04 10:40:12.610000,2020-08-04 10:40:12.620000,2020-08-04 10:40:12.624179,10.0,4.179,14.179,1.17779,1.17793,MM,OANDA DIVISION1,REAL,MT4,ZMQ,EURUSD
31,2020-08-04 10:40:12.721000,2020-08-04 10:40:12.731000,2020-08-04 10:40:12.735178,10.0,4.178,14.178,1.17779,1.17793,MM,OANDA DIVISION1,REAL,MT4,ZMQ,EURUSD
32,2020-08-04 10:40:12.829000,2020-08-04 10:40:12.839000,2020-08-04 10:40:12.843209,10.0,4.209,14.209,1.17779,1.17793,MM,OANDA DIVISION1,REAL,MT4,ZMQ,EURUSD
33,2020-08-04 10:40:12.938000,2020-08-04 10:40:12.948000,2020-08-04 10:40:12.952177,10.0,4.177,14.177,1.17779,1.17793,MM,OANDA DIVISION1,REAL,MT4,ZMQ,EURUSD
34,2020-08-04 10:40:12.989000,2020-08-04 10:40:12.999000,2020-08-04 10:40:13.004203,10.0,5.203,15.203,1.1778,1.17794,MM,OANDA DIVISION1,REAL,MT4,ZMQ,EURUSD
35,2020-08-04 10:40:13.049000,2020-08-04 10:40:13.059000,2020-08-04 10:40:13.063203,10.0,4.203,14.203,1.1778,1.17794,MM,OANDA DIVISION1,REAL,MT4,ZMQ,EURUSD
36,2020-08-04 10:40:13.158000,2020-08-04 10:40:13.168000,2020-08-04 10:40:13.172203,10.0,4.203,14.203,1.1778,1.17794,MM,OANDA DIVISION1,REAL,MT4,ZMQ,EURUSD
37,2020-08-04 10:40:13.271000,2020-08-04 10:40:13.281000,2020-08-04 10:40:13.285204,10.0,4.204,14.204,1.1778,1.17794,MM,OANDA DIVISION1,REAL,MT4,ZMQ,EURUSD
38,2020-08-04 10:40:13.275000,2020-08-04 10:40:13.285000,2020-08-04 10:40:13.311180,10.0,26.18,36.18,1.17779,1.17793,MM,OANDA DIVISION1,REAL,MT4,ZMQ,EURUSD
39,2020-08-04 10:40:13.379000,2020-08-04 10:40:13.389000,2020-08-04 10:40:13.393206,10.0,4.206,14.206,1.17779,1.17793,MM,OANDA DIVISION1,REAL,MT4,ZMQ,EURUSD
40,2020-08-04 10:40:13.410000,2020-08-04 10:40:13.420000,2020-08-04 10:40:13.424203,10.0,4.203,14.203,1.17776,1.17792,MM,OANDA DIVISION1,REAL,MT4,ZMQ,EURUSD
41,2020-08-04 10:40:13.490000,2020-08-04 10:40:13.500000,2020-08-04 10:40:13.504203,10.0,4.203,14.203,1.17776,1.17792,MM,OANDA DIVISION1,REAL,MT4,ZMQ,EURUSD
42,2020-08-04 10:40:13.600000,2020-08-04 10:40:13.610000,2020-08-04 10:40:13.614178,10.0,4.178,14.178,1.17776,1.17792,MM,OANDA DIVISION1,REAL,MT4,ZMQ,EURUSD
43,2020-08-04 10:40:13.677000,2020-08-04 10:40:13.687000,2020-08-04 10:40:13.691177,10.0,4.177,14.177,1.17779,1.17792,MM,OANDA DIVISION1,REAL,MT4,ZMQ,EURUSD
44,2020-08-04 10:40:13.708000,2020-08-04 10:40:13.718000,2020-08-04 10:40:13.722178,10.0,4.178,14.178,1.17779,1.17792,MM,OANDA DIVISION1,REAL,MT4,ZMQ,EURUSD
45,2020-08-04 10:40:13.813000,2020-08-04 10:40:13.823000,2020-08-04 10:40:13.827708,10.0,4.708,14.708,1.17779,1.17792,MM,OANDA DIVISION1,REAL,MT4,ZMQ,EURUSD
46,2020-08-04 10:40:13.925000,2020-08-04 10:40:13.935000,2020-08-04 10:40:13.942688,10.0,7.688,17.688,1.17779,1.17792,MM,OANDA DIVISION1,REAL,MT4,ZMQ,EURUSD
47,2020-08-04 10:40:14.035000,2020-08-04 10:40:14.045000,2020-08-04 10:40:14.049687,10.0,4.687,14.687,1.17779,1.17792,MM,OANDA DIVISION1,REAL,MT4,ZMQ,EURUSD
48,2020-08-04 10:40:14.151000,2020-08-04 10:40:14.161000,2020-08-04 10:40:14.165099,10.0,4.099,14.099,1.17779,1.17792,MM,OANDA DIVISION1,REAL,MT4,ZMQ,EURUSD
49,2020-08-04 10:40:14.254000,2020-08-04 10:40:14.264000,2020-08-04 10:40:14.268099,10.0,4.099,14.099,1.17779,1.17792,MM,OANDA DIVISION1,REAL,MT4,ZMQ,EURUSD
50,2020-08-04 10:40:14.364000,2020-08-04 10:40:14.374000,2020-08-04 10:40:14.378103,10.0,4.103,14.103,1.17779,1.17792,MM,OANDA DIVISION1,REAL,MT4,ZMQ,EURUSD
51,2020-08-04 10:40:14.470000,2020-08-04 10:40:14.480000,2020-08-04 10:40:14.487073,10.0,7.073,17.073,1.17779,1.17792,MM,OANDA DIVISION1,REAL,MT4,ZMQ,EURUSD
52,2020-08-04 10:40:14.582000,2020-08-04 10:40:14.592000,2020-08-04 10:40:14.597074,10.0,5.074,15.074,1.17779,1.17792,MM,OANDA DIVISION1,REAL,MT4,ZMQ,EURUSD
53,2020-08-04 10:40:14.697000,2020-08-04 10:40:14.707000,2020-08-04 10:40:14.712072,10.0,5.072,15.072,1.17779,1.17792,MM,OANDA DIVISION1,REAL,MT4,ZMQ,EURUSD
54,2020-08-04 10:40:14.802000,2020-08-04 10:40:14.812000,2020-08-04 10:40:14.816098,10.0,4.098,14.098,1.17779,1.17792,MM,OANDA DIVISION1,REAL,MT4,ZMQ,EURUSD
55,2020-08-04 10:40:14.910000,2020-08-04 10:40:14.920000,2020-08-04 10:40:14.924073,10.0,4.073,14.073,1.17779,1.17792,MM,OANDA DIVISION1,REAL,MT4,ZMQ,EURUSD
56,2020-08-04 10:40:15.023000,2020-08-04 10:40:15.033000,2020-08-04 10:40:15.038073,10.0,5.073,15.073,1.17779,1.17792,MM,OANDA DIVISION1,REAL,MT4,ZMQ,EURUSD
57,2020-08-04 10:40:15.130000,2020-08-04 10:40:15.140000,2020-08-04 10:40:15.144075,10.0,4.075,14.075,1.17779,1.17792,MM,OANDA DIVISION1,REAL,MT4,ZMQ,EURUSD
58,2020-08-04 10:40:15.240000,2020-08-04 10:40:15.250000,2020-08-04 10:40:15.254098,10.0,4.098,14.098,1.17779,1.17792,MM,OANDA DIVISION1,REAL,MT4,ZMQ,EURUSD
59,2020-08-04 10:40:15.349000,2020-08-04 10:40:15.359000,2020-08-04 10:40:15.363097,10.0,4.097,14.097,1.17779,1.17792,MM,OANDA DIVISION1,REAL,MT4,ZMQ,EURUSD
60,2020-08-04 10:40:15.455000,2020-08-04 10:40:15.465000,2020-08-04 10:40:15.469101,10.0,4.101,14.101,1.17779,1.17792,MM,OANDA DIVISION1,REAL,MT4,ZMQ,EURUSD
61,2020-08-04 10:40:15.565000,2020-08-04 10:40:15.575000,2020-08-04 10:40:15.579097,10.0,4.097,14.097,1.17779,1.17792,MM,OANDA DIVISION1,REAL,MT4,ZMQ,EURUSD
62,2020-08-04 10:40:15.674000,2020-08-04 10:40:15.684000,2020-08-04 10:40:15.688098,10.0,4.098,14.098,1.17779,1.17792,MM,OANDA DIVISION1,REAL,MT4,ZMQ,EURUSD
63,2020-08-04 10:40:15.783000,2020-08-04 10:40:15.793000,2020-08-04 10:40:15.797098,10.0,4.098,14.098,1.17779,1.17792,MM,OANDA DIVISION1,REAL,MT4,ZMQ,EURUSD
64,2020-08-04 10:40:15.899000,2020-08-04 10:40:15.909000,2020-08-04 10:40:15.913092,10.0,4.092,14.092,1.17779,1.17792,MM,OANDA DIVISION1,REAL,MT4,ZMQ,EURUSD
65,2020-08-04 10:40:16.006000,2020-08-04 10:40:16.016000,2020-08-04 10:40:16.020066,10.0,4.066,14.066,1.17779,1.17792,MM,OANDA DIVISION1,REAL,MT4,ZMQ,EURUSD
66,2020-08-04 10:40:16.113000,2020-08-04 10:40:16.123000,2020-08-04 10:40:16.127067,10.0,4.067,14.067,1.17779,1.17792,MM,OANDA DIVISION1,REAL,MT4,ZMQ,EURUSD
67,2020-08-04 10:40:16.225000,2020-08-04 10:40:16.235000,2020-08-04 10:40:16.239097,10.0,4.097,14.097,1.17779,1.17792,MM,OANDA DIVISION1,REAL,MT4,ZMQ,EURUSD
68,2020-08-04 10:40:16.333000,2020-08-04 10:40:16.343000,2020-08-04 10:40:16.347099,10.0,4.099,14.099,1.17779,1.17792,MM,OANDA DIVISION1,REAL,MT4,ZMQ,EURUSD
69,2020-08-04 10:40:16.440000,2020-08-04 10:40:16.450000,2020-08-04 10:40:16.454093,10.0,4.093,14.093,1.17779,1.17792,MM,OANDA DIVISION1,REAL,MT4,ZMQ,EURUSD
70,2020-08-04 10:40:16.552000,2020-08-04 10:40:16.562000,2020-08-04 10:40:16.566092,10.0,4.092,14.092,1.17779,1.17792,MM,OANDA DIVISION1,REAL,MT4,ZMQ,EURUSD
71,2020-08-04 10:40:16.567000,2020-08-04 10:40:16.577000,2020-08-04 10:40:16.592068,10.0,15.068,25.068,1.17776,1.17791,MM,OANDA DIVISION1,REAL,MT4,ZMQ,EURUSD
72,2020-08-04 10:40:16.662000,2020-08-04 10:40:16.672000,2020-08-04 10:40:16.676094,10.0,4.094,14.094,1.17776,1.17791,MM,OANDA DIVISION1,REAL,MT4,ZMQ,EURUSD
73,2020-08-04 10:40:16.708000,2020-08-04 10:40:16.718000,2020-08-04 10:40:16.722092,10.0,4.092,14.092,1.17778,1.17792,MM,OANDA DIVISION1,REAL,MT4,ZMQ,EURUSD
74,2020-08-04 10:40:16.772000,2020-08-04 10:40:16.782000,2020-08-04 10:40:16.786093,10.0,4.093,14.093,1.17778,1.17792,MM,OANDA DIVISION1,REAL,MT4,ZMQ,EURUSD
75,2020-08-04 10:40:16.865000,2020-08-04 10:40:16.875000,2020-08-04 10:40:16.879067,10.0,4.067,14.067,1.1778,1.17794,MM,OANDA DIVISION1,REAL,MT4,ZMQ,EURUSD
76,2020-08-04 10:40:16.880000,2020-08-04 10:40:16.890000,2020-08-04 10:40:16.906098,10.0,16.098,26.098,1.1778,1.17794,MM,OANDA DIVISION1,REAL,MT4,ZMQ,EURUSD
77,2020-08-04 10:40:16.925000,2020-08-04 10:40:16.935000,2020-08-04 10:40:16.939066,10.0,4.066,14.066,1.1778,1.17792,MM,OANDA DIVISION1,REAL,MT4,ZMQ,EURUSD
78,2020-08-04 10:40:16.988000,2020-08-04 10:40:16.998000,2020-08-04 10:40:17.002102,10.0,4.102,14.102,1.1778,1.17792,MM,OANDA DIVISION1,REAL,MT4,ZMQ,EURUSD
79,2020-08-04 10:40:17.101000,2020-08-04 10:40:17.111000,2020-08-04 10:40:17.115068,10.0,4.068,14.068,1.1778,1.17792,MM,OANDA DIVISION1,REAL,MT4,ZMQ,EURUSD
80,2020-08-04 10:40:17.183000,2020-08-04 10:40:17.193000,2020-08-04 10:40:17.197069,10.0,4.069,14.069,1.17781,1.17793,MM,OANDA DIVISION1,REAL,MT4,ZMQ,EURUSD
81,2020-08-04 10:40:17.208000,2020-08-04 10:40:17.218000,2020-08-04 10:40:17.223092,10.0,5.092,15.092,1.17781,1.17793,MM,OANDA DIVISION1,REAL,MT4,ZMQ,EURUSD
82,2020-08-04 10:40:17.315000,2020-08-04 10:40:17.325000,2020-08-04 10:40:17.329092,10.0,4.092,14.092,1.17781,1.17793,MM,OANDA DIVISION1,REAL,MT4,ZMQ,EURUSD
83,2020-08-04 10:40:17.424000,2020-08-04 10:40:17.434000,2020-08-04 10:40:17.438092,10.0,4.092,14.092,1.17781,1.17793,MM,OANDA DIVISION1,REAL,MT4,ZMQ,EURUSD
84,2020-08-04 10:40:17.536000,2020-08-04 10:40:17.546000,2020-08-04 10:40:17.550093,10.0,4.093,14.093,1.17781,1.17793,MM,OANDA DIVISION1,REAL,MT4,ZMQ,EURUSD
85,2020-08-04 10:40:17.574000,2020-08-04 10:40:17.584000,2020-08-04 10:40:17.588096,10.0,4.096,14.096,1.1778,1.17792,MM,OANDA DIVISION1,REAL,MT4,ZMQ,EURUSD
86,2020-08-04 10:40:17.651000,2020-08-04 10:40:17.661000,2020-08-04 10:40:17.666092,10.0,5.092,15.092,1.1778,1.17792,MM,OANDA DIVISION1,REAL,MT4,ZMQ,EURUSD
87,2020-08-04 10:40:17.755000,2020-08-04 10:40:17.765000,2020-08-04 10:40:17.769125,10.0,4.125,14.125,1.1778,1.17792,MM,OANDA DIVISION1,REAL,MT4,ZMQ,EURUSD
88,2020-08-04 10:40:17.863000,2020-08-04 10:40:17.873000,2020-08-04 10:40:17.877129,10.0,4.129,14.129,1.1778,1.17792,MM,OANDA DIVISION1,REAL,MT4,ZMQ,EURUSD
89,2020-08-04 10:40:17.971000,2020-08-04 10:40:17.981000,2020-08-04 10:40:17.985100,10.0,4.1,14.1,1.1778,1.17792,MM,OANDA DIVISION1,REAL,MT4,ZMQ,EURUSD
90,2020-08-04 10:40:18.081000,2020-08-04 10:40:18.091000,2020-08-04 10:40:18.095125,10.0,4.125,14.125,1.1778,1.17792,MM,OANDA DIVISION1,REAL,MT4,ZMQ,EURUSD
91,2020-08-04 10:40:18.151000,2020-08-04 10:40:18.161000,2020-08-04 10:40:18.165100,10.0,4.1,14.1,1.17781,1.17793,MM,OANDA DIVISION1,REAL,MT4,ZMQ,EURUSD
92,2020-08-04 10:40:18.188000,2020-08-04 10:40:18.198000,2020-08-04 10:40:18.202124,10.0,4.124,14.124,1.17781,1.17793,MM,OANDA DIVISION1,REAL,MT4,ZMQ,EURUSD
93,2020-08-04 10:40:18.303000,2020-08-04 10:40:18.313000,2020-08-04 10:40:18.317100,10.0,4.1,14.1,1.17781,1.17793,MM,OANDA DIVISION1,REAL,MT4,ZMQ,EURUSD
94,2020-08-04 10:40:18.413000,2020-08-04 10:40:18.423000,2020-08-04 10:40:18.427128,10.0,4.128,14.128,1.17781,1.17793,MM,OANDA DIVISION1,REAL,MT4,ZMQ,EURUSD
95,2020-08-04 10:40:18.426000,2020-08-04 10:40:18.436000,2020-08-04 10:40:18.453125,10.0,17.125,27.125,1.17779,1.17793,MM,OANDA DIVISION1,REAL,MT4,ZMQ,EURUSD
96,2020-08-04 10:40:18.519000,2020-08-04 10:40:18.529000,2020-08-04 10:40:18.533100,10.0,4.1,14.1,1.17779,1.17793,MM,OANDA DIVISION1,REAL,MT4,ZMQ,EURUSD
97,2020-08-04 10:40:18.626000,2020-08-04 10:40:18.636000,2020-08-04 10:40:18.640125,10.0,4.125,14.125,1.17779,1.17793,MM,OANDA DIVISION1,REAL,MT4,ZMQ,EURUSD
98,2020-08-04 10:40:18.636000,2020-08-04 10:40:18.646000,2020-08-04 10:40:18.666126,10.0,20.126,30.126,1.17777,1.17792,MM,OANDA DIVISION1,REAL,MT4,ZMQ,EURUSD
99,2020-08-04 10:40:18.737000,2020-08-04 10:40:18.747000,2020-08-04 10:40:18.751125,10.0,4.125,14.125,1.17777,1.17792,MM,OANDA DIVISION1,REAL,MT4,ZMQ,EURUSD
100,2020-08-04 10:40:18.847000,2020-08-04 10:40:18.857000,2020-08-04 10:40:18.861100,10.0,4.1,14.1,1.17777,1.17792,MM,OANDA DIVISION1,REAL,MT4,ZMQ,EURUSD
101,2020-08-04 10:40:18.957000,2020-08-04 10:40:18.967000,2020-08-04 10:40:18.971125,10.0,4.125,14.125,1.17777,1.17792,MM,OANDA DIVISION1,REAL,MT4,ZMQ,EURUSD
102,2020-08-04 10:40:19.066000,2020-08-04 10:40:19.076000,2020-08-04 10:40:19.080101,10.0,4.101,14.101,1.17777,1.17792,MM,OANDA DIVISION1,REAL,MT4,ZMQ,EURUSD
103,2020-08-04 10:40:19.174000,2020-08-04 10:40:19.184000,2020-08-04 10:40:19.188128,10.0,4.128,14.128,1.17777,1.17792,MM,OANDA DIVISION1,REAL,MT4,ZMQ,EURUSD
104,2020-08-04 10:40:19.284000,2020-08-04 10:40:19.294000,2020-08-04 10:40:19.298098,10.0,4.098,14.098,1.17777,1.17792,MM,OANDA DIVISION1,REAL,MT4,ZMQ,EURUSD
105,2020-08-04 10:40:19.406000,2020-08-04 10:40:19.416000,2020-08-04 10:40:19.420101,10.0,4.101,14.101,1.17777,1.17792,MM,OANDA DIVISION1,REAL,MT4,ZMQ,EURUSD
106,2020-08-04 10:40:19.502000,2020-08-04 10:40:19.512000,2020-08-04 10:40:19.517099,10.0,5.099,15.099,1.17777,1.17792,MM,OANDA DIVISION1,REAL,MT4,ZMQ,EURUSD
107,2020-08-04 10:40:19.612000,2020-08-04 10:40:19.622000,2020-08-04 10:40:19.626099,10.0,4.099,14.099,1.17777,1.17792,MM,OANDA DIVISION1,REAL,MT4,ZMQ,EURUSD
108,2020-08-04 10:40:19.721000,2020-08-04 10:40:19.731000,2020-08-04 10:40:19.735121,10.0,4.121,14.121,1.17777,1.17792,MM,OANDA DIVISION1,REAL,MT4,ZMQ,EURUSD
109,2020-08-04 10:40:19.831000,2020-08-04 10:40:19.841000,2020-08-04 10:40:19.845125,10.0,4.125,14.125,1.17777,1.17792,MM,OANDA DIVISION1,REAL,MT4,ZMQ,EURUSD
110,2020-08-04 10:40:19.938000,2020-08-04 10:40:19.948000,2020-08-04 10:40:19.952098,10.0,4.098,14.098,1.17777,1.17792,MM,OANDA DIVISION1,REAL,MT4,ZMQ,EURUSD
111,2020-08-04 10:40:20.054000,2020-08-04 10:40:20.064000,2020-08-04 10:40:20.068125,10.0,4.125,14.125,1.17777,1.17792,MM,OANDA DIVISION1,REAL,MT4,ZMQ,EURUSD
112,2020-08-04 10:40:20.158000,2020-08-04 10:40:20.168000,2020-08-04 10:40:20.172125,10.0,4.125,14.125,1.17777,1.17792,MM,OANDA DIVISION1,REAL,MT4,ZMQ,EURUSD
113,2020-08-04 10:40:20.200000,2020-08-04 10:40:20.210000,2020-08-04 10:40:20.215100,10.0,5.1,15.1,1.17776,1.1779,MM,OANDA DIVISION1,REAL,MT4,ZMQ,EURUSD
114,2020-08-04 10:40:20.270000,2020-08-04 10:40:20.280000,2020-08-04 10:40:20.284129,10.0,4.129,14.129,1.17776,1.1779,MM,OANDA DIVISION1,REAL,MT4,ZMQ,EURUSD
115,2020-08-04 10:40:20.377000,2020-08-04 10:40:20.387000,2020-08-04 10:40:20.391130,10.0,4.13,14.13,1.17776,1.1779,MM,OANDA DIVISION1,REAL,MT4,ZMQ,EURUSD
116,2020-08-04 10:40:20.489000,2020-08-04 10:40:20.499000,2020-08-04 10:40:20.503101,10.0,4.101,14.101,1.17776,1.1779,MM,OANDA DIVISION1,REAL,MT4,ZMQ,EURUSD
117,2020-08-04 10:40:20.599000,2020-08-04 10:40:20.609000,2020-08-04 10:40:20.613129,10.0,4.129,14.129,1.17776,1.1779,MM,OANDA DIVISION1,REAL,MT4,ZMQ,EURUSD
118,2020-08-04 10:40:20.707000,2020-08-04 10:40:20.717000,2020-08-04 10:40:20.721893,10.0,4.893,14.893,1.17776,1.1779,MM,OANDA DIVISION1,REAL,MT4,ZMQ,EURUSD
119,2020-08-04 10:40:20.817000,2020-08-04 10:40:20.827000,2020-08-04 10:40:20.831078,10.0,4.078,14.078,1.17776,1.1779,MM,OANDA DIVISION1,REAL,MT4,ZMQ,EURUSD
120,2020-08-04 10:40:20.925000,2020-08-04 10:40:20.935000,2020-08-04 10:40:20.949443,10.0,14.443,24.443,1.17776,1.1779,MM,OANDA DIVISION1,REAL,MT4,ZMQ,EURUSD
121,2020-08-04 10:40:21.037000,2020-08-04 10:40:21.047000,2020-08-04 10:40:21.051418,10.0,4.418,14.418,1.17776,1.1779,MM,OANDA DIVISION1,REAL,MT4,ZMQ,EURUSD
122,2020-08-04 10:40:21.151000,2020-08-04 10:40:21.161000,2020-08-04 10:40:21.165446,10.0,4.446,14.446,1.17776,1.1779,MM,OANDA DIVISION1,REAL,MT4,ZMQ,EURUSD
123,2020-08-04 10:40:21.257000,2020-08-04 10:40:21.267000,2020-08-04 10:40:21.271444,10.0,4.444,14.444,1.17776,1.1779,MM,OANDA DIVISION1,REAL,MT4,ZMQ,EURUSD
124,2020-08-04 10:40:21.366000,2020-08-04 10:40:21.376000,2020-08-04 10:40:21.380447,10.0,4.447,14.447,1.17776,1.1779,MM,OANDA DIVISION1,REAL,MT4,ZMQ,EURUSD
125,2020-08-04 10:40:21.473000,2020-08-04 10:40:21.483000,2020-08-04 10:40:21.487418,10.0,4.418,14.418,1.17776,1.1779,MM,OANDA DIVISION1,REAL,MT4,ZMQ,EURUSD
126,2020-08-04 10:40:21.566000,2020-08-04 10:40:21.576000,2020-08-04 10:40:21.580417,10.0,4.417,14.417,1.17777,1.17791,MM,OANDA DIVISION1,REAL,MT4,ZMQ,EURUSD
127,2020-08-04 10:40:21.579000,2020-08-04 10:40:21.589000,2020-08-04 10:40:21.606419,10.0,17.419,27.419,1.17777,1.17791,MM,OANDA DIVISION1,REAL,MT4,ZMQ,EURUSD
128,2020-08-04 10:40:21.635000,2020-08-04 10:40:21.645000,2020-08-04 10:40:21.649444,10.0,4.444,14.444,1.17777,1.17791,MM,OANDA DIVISION1,REAL,MT4,ZMQ,EURUSD
129,2020-08-04 10:40:21.693000,2020-08-04 10:40:21.703000,2020-08-04 10:40:21.707444,10.0,4.444,14.444,1.17777,1.17791,MM,OANDA DIVISION1,REAL,MT4,ZMQ,EURUSD
130,2020-08-04 10:40:21.893000,2020-08-04 10:40:21.903000,2020-08-04 10:40:21.907418,10.0,4.418,14.418,1.17778,1.17792,MM,OANDA DIVISION1,REAL,MT4,ZMQ,EURUSD
131,2020-08-04 10:40:22.059000,2020-08-04 10:40:22.069000,2020-08-04 10:40:22.073417,10.0,4.417,14.417,1.17778,1.17792,MM,OANDA DIVISION1,REAL,MT4,ZMQ,EURUSD
132,2020-08-04 10:40:22.155000,2020-08-04 10:40:22.165000,2020-08-04 10:40:22.169443,10.0,4.443,14.443,1.17778,1.17792,MM,OANDA DIVISION1,REAL,MT4,ZMQ,EURUSD
133,2020-08-04 10:40:22.235000,2020-08-04 10:40:22.245000,2020-08-04 10:40:22.249443,10.0,4.443,14.443,1.17778,1.17792,MM,OANDA DIVISION1,REAL,MT4,ZMQ,EURUSD
134,2020-08-04 10:40:22.348000,2020-08-04 10:40:22.358000,2020-08-04 10:40:22.362443,10.0,4.443,14.443,1.17778,1.17792,MM,OANDA DIVISION1,REAL,MT4,ZMQ,EURUSD
135,2020-08-04 10:40:22.454000,2020-08-04 10:40:22.464000,2020-08-04 10:40:22.468443,10.0,4.443,14.443,1.17778,1.17792,MM,OANDA DIVISION1,REAL,MT4,ZMQ,EURUSD
136,2020-08-04 10:40:22.674000,2020-08-04 10:40:22.684000,2020-08-04 10:40:22.688445,10.0,4.445,14.445,1.17778,1.17792,MM,OANDA DIVISION1,REAL,MT4,ZMQ,EURUSD
137,2020-08-04 10:40:22.782000,2020-08-04 10:40:22.792000,2020-08-04 10:40:22.796418,10.0,4.418,14.418,1.17778,1.17792,MM,OANDA DIVISION1,REAL,MT4,ZMQ,EURUSD
138,2020-08-04 10:40:22.816000,2020-08-04 10:40:22.826000,2020-08-04 10:40:22.830447,10.0,4.447,14.447,1.17777,1.17791,MM,OANDA DIVISION1,REAL,MT4,ZMQ,EURUSD
139,2020-08-04 10:40:22.901000,2020-08-04 10:40:22.911000,2020-08-04 10:40:22.916418,10.0,5.418,15.418,1.17777,1.17791,MM,OANDA DIVISION1,REAL,MT4,ZMQ,EURUSD
140,2020-08-04 10:40:23.004000,2020-08-04 10:40:23.014000,2020-08-04 10:40:23.018417,10.0,4.417,14.417,1.17778,1.17792,MM,OANDA DIVISION1,REAL,MT4,ZMQ,EURUSD
141,2020-08-04 10:40:23.011000,2020-08-04 10:40:23.021000,2020-08-04 10:40:23.045462,10.0,24.462,34.462,1.17778,1.17792,MM,OANDA DIVISION1,REAL,MT4,ZMQ,EURUSD
142,2020-08-04 10:40:23.110000,2020-08-04 10:40:23.120000,2020-08-04 10:40:23.130443,10.0,10.443,20.443,1.17778,1.17792,MM,OANDA DIVISION1,REAL,MT4,ZMQ,EURUSD
143,2020-08-04 10:40:23.224000,2020-08-04 10:40:23.234000,2020-08-04 10:40:23.238443,10.0,4.443,14.443,1.17778,1.17792,MM,OANDA DIVISION1,REAL,MT4,ZMQ,EURUSD
144,2020-08-04 10:40:23.329000,2020-08-04 10:40:23.339000,2020-08-04 10:40:23.344419,10.0,5.419,15.419,1.17778,1.17792,MM,OANDA DIVISION1,REAL,MT4,ZMQ,EURUSD
145,2020-08-04 10:40:23.444000,2020-08-04 10:40:23.454000,2020-08-04 10:40:23.458443,10.0,4.443,14.443,1.17778,1.17792,MM,OANDA DIVISION1,REAL,MT4,ZMQ,EURUSD
146,2020-08-04 10:40:23.533000,2020-08-04 10:40:23.543000,2020-08-04 10:40:23.547442,10.0,4.442,14.442,1.17777,1.17791,MM,OANDA DIVISION1,REAL,MT4,ZMQ,EURUSD
147,2020-08-04 10:40:23.552000,2020-08-04 10:40:23.562000,2020-08-04 10:40:23.573444,10.0,11.444,21.444,1.17777,1.17791,MM,OANDA DIVISION1,REAL,MT4,ZMQ,EURUSD
148,2020-08-04 10:40:23.660000,2020-08-04 10:40:23.670000,2020-08-04 10:40:23.674443,10.0,4.443,14.443,1.17777,1.17791,MM,OANDA DIVISION1,REAL,MT4,ZMQ,EURUSD
149,2020-08-04 10:40:23.768000,2020-08-04 10:40:23.778000,2020-08-04 10:40:23.782437,10.0,4.437,14.437,1.17777,1.17791,MM,OANDA DIVISION1,REAL,MT4,ZMQ,EURUSD
150,2020-08-04 10:40:23.880000,2020-08-04 10:40:23.890000,2020-08-04 10:40:23.894443,10.0,4.443,14.443,1.17777,1.17791,MM,OANDA DIVISION1,REAL,MT4,ZMQ,EURUSD
151,2020-08-04 10:40:23.988000,2020-08-04 10:40:23.998000,2020-08-04 10:40:24.002450,10.0,4.45,14.45,1.17777,1.17791,MM,OANDA DIVISION1,REAL,MT4,ZMQ,EURUSD
152,2020-08-04 10:40:24.096000,2020-08-04 10:40:24.106000,2020-08-04 10:40:24.110443,10.0,4.443,14.443,1.17777,1.17791,MM,OANDA DIVISION1,REAL,MT4,ZMQ,EURUSD
153,2020-08-04 10:40:24.207000,2020-08-04 10:40:24.217000,2020-08-04 10:40:24.221441,10.0,4.441,14.441,1.17777,1.17791,MM,OANDA DIVISION1,REAL,MT4,ZMQ,EURUSD
154,2020-08-04 10:40:24.311000,2020-08-04 10:40:24.321000,2020-08-04 10:40:24.325443,10.0,4.443,14.443,1.17778,1.17792,MM,OANDA DIVISION1,REAL,MT4,ZMQ,EURUSD
155,2020-08-04 10:40:24.389000,2020-08-04 10:40:24.399000,2020-08-04 10:40:24.403439,10.0,4.439,14.439,1.17778,1.17792,MM,OANDA DIVISION1,REAL,MT4,ZMQ,EURUSD
156,2020-08-04 10:40:24.426000,2020-08-04 10:40:24.436000,2020-08-04 10:40:24.440443,10.0,4.443,14.443,1.17778,1.17792,MM,OANDA DIVISION1,REAL,MT4,ZMQ,EURUSD
157,2020-08-04 10:40:24.441000,2020-08-04 10:40:24.451000,2020-08-04 10:40:24.466419,10.0,15.419,25.419,1.17779,1.17794,MM,OANDA DIVISION1,REAL,MT4,ZMQ,EURUSD
158,2020-08-04 10:40:24.539000,2020-08-04 10:40:24.549000,2020-08-04 10:40:24.554419,10.0,5.419,15.419,1.17779,1.17794,MM,OANDA DIVISION1,REAL,MT4,ZMQ,EURUSD
159,2020-08-04 10:40:24.655000,2020-08-04 10:40:24.665000,2020-08-04 10:40:24.669416,10.0,4.416,14.416,1.17779,1.17794,MM,OANDA DIVISION1,REAL,MT4,ZMQ,EURUSD
160,2020-08-04 10:40:24.754000,2020-08-04 10:40:24.764000,2020-08-04 10:40:24.768442,10.0,4.442,14.442,1.17779,1.17794,MM,OANDA DIVISION1,REAL,MT4,ZMQ,EURUSD
161,2020-08-04 10:40:24.861000,2020-08-04 10:40:24.871000,2020-08-04 10:40:24.875443,10.0,4.443,14.443,1.17779,1.17794,MM,OANDA DIVISION1,REAL,MT4,ZMQ,EURUSD
162,2020-08-04 10:40:24.970000,2020-08-04 10:40:24.980000,2020-08-04 10:40:24.984438,10.0,4.438,14.438,1.17779,1.17794,MM,OANDA DIVISION1,REAL,MT4,ZMQ,EURUSD
163,2020-08-04 10:40:25.022000,2020-08-04 10:40:25.032000,2020-08-04 10:40:25.036417,10.0,4.417,14.417,1.17778,1.17792,MM,OANDA DIVISION1,REAL,MT4,ZMQ,EURUSD
164,2020-08-04 10:40:25.082000,2020-08-04 10:40:25.092000,2020-08-04 10:40:25.096419,10.0,4.419,14.419,1.17778,1.17792,MM,OANDA DIVISION1,REAL,MT4,ZMQ,EURUSD
165,2020-08-04 10:40:25.188000,2020-08-04 10:40:25.198000,2020-08-04 10:40:25.203418,10.0,5.418,15.418,1.17778,1.17792,MM,OANDA DIVISION1,REAL,MT4,ZMQ,EURUSD
166,2020-08-04 10:40:25.299000,2020-08-04 10:40:25.309000,2020-08-04 10:40:25.313443,10.0,4.443,14.443,1.17778,1.17792,MM,OANDA DIVISION1,REAL,MT4,ZMQ,EURUSD
167,2020-08-04 10:40:25.407000,2020-08-04 10:40:25.417000,2020-08-04 10:40:25.421443,10.0,4.443,14.443,1.17778,1.17792,MM,OANDA DIVISION1,REAL,MT4,ZMQ,EURUSD
168,2020-08-04 10:40:25.517000,2020-08-04 10:40:25.527000,2020-08-04 10:40:25.531445,10.0,4.445,14.445,1.17778,1.17792,MM,OANDA DIVISION1,REAL,MT4,ZMQ,EURUSD
169,2020-08-04 10:40:25.629000,2020-08-04 10:40:25.639000,2020-08-04 10:40:25.643443,10.0,4.443,14.443,1.17778,1.17792,MM,OANDA DIVISION1,REAL,MT4,ZMQ,EURUSD
170,2020-08-04 10:40:25.652000,2020-08-04 10:40:25.662000,2020-08-04 10:40:25.669423,10.0,7.423,17.423,1.17777,1.17791,MM,OANDA DIVISION1,REAL,MT4,ZMQ,EURUSD
171,2020-08-04 10:40:25.699000,2020-08-04 10:40:25.709000,2020-08-04 10:40:25.714419,10.0,5.419,15.419,1.17778,1.17792,MM,OANDA DIVISION1,REAL,MT4,ZMQ,EURUSD
172,2020-08-04 10:40:25.738000,2020-08-04 10:40:25.748000,2020-08-04 10:40:25.752443,10.0,4.443,14.443,1.17778,1.17792,MM,OANDA DIVISION1,REAL,MT4,ZMQ,EURUSD
173,2020-08-04 10:40:25.848000,2020-08-04 10:40:25.858000,2020-08-04 10:40:25.862444,10.0,4.444,14.444,1.17778,1.17792,MM,OANDA DIVISION1,REAL,MT4,ZMQ,EURUSD
174,2020-08-04 10:40:25.941000,2020-08-04 10:40:25.951000,2020-08-04 10:40:25.955443,10.0,4.443,14.443,1.1778,1.17793,MM,OANDA DIVISION1,REAL,MT4,ZMQ,EURUSD
175,2020-08-04 10:40:25.955000,2020-08-04 10:40:25.965000,2020-08-04 10:40:25.983418,10.0,18.418,28.418,1.1778,1.17793,MM,OANDA DIVISION1,REAL,MT4,ZMQ,EURUSD
176,2020-08-04 10:40:26.067000,2020-08-04 10:40:26.077000,2020-08-04 10:40:26.081416,10.0,4.416,14.416,1.1778,1.17793,MM,OANDA DIVISION1,REAL,MT4,ZMQ,EURUSD
177,2020-08-04 10:40:26.178000,2020-08-04 10:40:26.188000,2020-08-04 10:40:26.192418,10.0,4.418,14.418,1.1778,1.17793,MM,OANDA DIVISION1,REAL,MT4,ZMQ,EURUSD
178,2020-08-04 10:40:26.199000,2020-08-04 10:40:26.209000,2020-08-04 10:40:26.218417,10.0,9.417,19.417,1.17779,1.17793,MM,OANDA DIVISION1,REAL,MT4,ZMQ,EURUSD
179,2020-08-04 10:40:26.289000,2020-08-04 10:40:26.299000,2020-08-04 10:40:26.303418,10.0,4.418,14.418,1.17779,1.17793,MM,OANDA DIVISION1,REAL,MT4,ZMQ,EURUSD
180,2020-08-04 10:40:26.404000,2020-08-04 10:40:26.414000,2020-08-04 10:40:26.420418,10.0,6.418,16.418,1.17779,1.17793,MM,OANDA DIVISION1,REAL,MT4,ZMQ,EURUSD
181,2020-08-04 10:40:26.500000,2020-08-04 10:40:26.510000,2020-08-04 10:40:26.515930,10.0,5.93,15.93,1.17779,1.17793,MM,OANDA DIVISION1,REAL,MT4,ZMQ,EURUSD
182,2020-08-04 10:40:26.611000,2020-08-04 10:40:26.621000,2020-08-04 10:40:26.625442,10.0,4.442,14.442,1.17779,1.17793,MM,OANDA DIVISION1,REAL,MT4,ZMQ,EURUSD
183,2020-08-04 10:40:26.722000,2020-08-04 10:40:26.732000,2020-08-04 10:40:26.736443,10.0,4.443,14.443,1.17779,1.17793,MM,OANDA DIVISION1,REAL,MT4,ZMQ,EURUSD
184,2020-08-04 10:40:26.829000,2020-08-04 10:40:26.839000,2020-08-04 10:40:26.843443,10.0,4.443,14.443,1.17779,1.17793,MM,OANDA DIVISION1,REAL,MT4,ZMQ,EURUSD
185,2020-08-04 10:40:26.944000,2020-08-04 10:40:26.954000,2020-08-04 10:40:26.958442,10.0,4.442,14.442,1.17779,1.17793,MM,OANDA DIVISION1,REAL,MT4,ZMQ,EURUSD
186,2020-08-04 10:40:27.004000,2020-08-04 10:40:27.014000,2020-08-04 10:40:27.018441,10.0,4.441,14.441,1.17777,1.17791,MM,OANDA DIVISION1,REAL,MT4,ZMQ,EURUSD
187,2020-08-04 10:40:27.047000,2020-08-04 10:40:27.057000,2020-08-04 10:40:27.061468,10.0,4.468,14.468,1.17777,1.17791,MM,OANDA DIVISION1,REAL,MT4,ZMQ,EURUSD
188,2020-08-04 10:40:27.158000,2020-08-04 10:40:27.168000,2020-08-04 10:40:27.172441,10.0,4.441,14.441,1.17777,1.17791,MM,OANDA DIVISION1,REAL,MT4,ZMQ,EURUSD
189,2020-08-04 10:40:27.267000,2020-08-04 10:40:27.277000,2020-08-04 10:40:27.281465,10.0,4.465,14.465,1.17777,1.17791,MM,OANDA DIVISION1,REAL,MT4,ZMQ,EURUSD
190,2020-08-04 10:40:27.380000,2020-08-04 10:40:27.390000,2020-08-04 10:40:27.394441,10.0,4.441,14.441,1.17777,1.17791,MM,OANDA DIVISION1,REAL,MT4,ZMQ,EURUSD
191,2020-08-04 10:40:27.485000,2020-08-04 10:40:27.495000,2020-08-04 10:40:27.499978,10.0,4.978,14.978,1.17777,1.17791,MM,OANDA DIVISION1,REAL,MT4,ZMQ,EURUSD
192,2020-08-04 10:40:27.595000,2020-08-04 10:40:27.605000,2020-08-04 10:40:27.609953,10.0,4.953,14.953,1.17777,1.17791,MM,OANDA DIVISION1,REAL,MT4,ZMQ,EURUSD
193,2020-08-04 10:40:27.676000,2020-08-04 10:40:27.686000,2020-08-04 10:40:27.690514,10.0,4.514,14.514,1.17776,1.1779,MM,OANDA DIVISION1,REAL,MT4,ZMQ,EURUSD
194,2020-08-04 10:40:27.705000,2020-08-04 10:40:27.715000,2020-08-04 10:40:27.719535,10.0,4.535,14.535,1.17776,1.1779,MM,OANDA DIVISION1,REAL,MT4,ZMQ,EURUSD
195,2020-08-04 10:40:27.813000,2020-08-04 10:40:27.823000,2020-08-04 10:40:27.827131,10.0,4.131,14.131,1.17776,1.1779,MM,OANDA DIVISION1,REAL,MT4,ZMQ,EURUSD
196,2020-08-04 10:40:27.895000,2020-08-04 10:40:27.905000,2020-08-04 10:40:27.909132,10.0,4.132,14.132,1.17777,1.17791,MM,OANDA DIVISION1,REAL,MT4,ZMQ,EURUSD
197,2020-08-04 10:40:27.926000,2020-08-04 10:40:27.936000,2020-08-04 10:40:27.940108,10.0,4.108,14.108,1.17777,1.17791,MM,OANDA DIVISION1,REAL,MT4,ZMQ,EURUSD
198,2020-08-04 10:40:28.034000,2020-08-04 10:40:28.044000,2020-08-04 10:40:28.048105,10.0,4.105,14.105,1.17777,1.17791,MM,OANDA DIVISION1,REAL,MT4,ZMQ,EURUSD
199,2020-08-04 10:40:28.150000,2020-08-04 10:40:28.160000,2020-08-04 10:40:28.164107,10.0,4.107,14.107,1.17777,1.17791,MM,OANDA DIVISION1,REAL,MT4,ZMQ,EURUSD
200,2020-08-04 10:40:28.253000,2020-08-04 10:40:28.263000,2020-08-04 10:40:28.267131,10.0,4.131,14.131,1.17777,1.17791,MM,OANDA DIVISION1,REAL,MT4,ZMQ,EURUSD
201,2020-08-04 10:40:28.362000,2020-08-04 10:40:28.372000,2020-08-04 10:40:28.376133,10.0,4.133,14.133,1.17777,1.17791,MM,OANDA DIVISION1,REAL,MT4,ZMQ,EURUSD
202,2020-08-04 10:40:28.475000,2020-08-04 10:40:28.485000,2020-08-04 10:40:28.489137,10.0,4.137,14.137,1.17777,1.17791,MM,OANDA DIVISION1,REAL,MT4,ZMQ,EURUSD
203,2020-08-04 10:40:28.579000,2020-08-04 10:40:28.589000,2020-08-04 10:40:28.593105,10.0,4.105,14.105,1.17777,1.17791,MM,OANDA DIVISION1,REAL,MT4,ZMQ,EURUSD
204,2020-08-04 10:40:28.694000,2020-08-04 10:40:28.704000,2020-08-04 10:40:28.708106,10.0,4.106,14.106,1.17777,1.17791,MM,OANDA DIVISION1,REAL,MT4,ZMQ,EURUSD
205,2020-08-04 10:40:28.802000,2020-08-04 10:40:28.812000,2020-08-04 10:40:28.816105,10.0,4.105,14.105,1.17777,1.17791,MM,OANDA DIVISION1,REAL,MT4,ZMQ,EURUSD
206,2020-08-04 10:40:28.912000,2020-08-04 10:40:28.922000,2020-08-04 10:40:28.926638,10.0,4.638,14.638,1.17777,1.17791,MM,OANDA DIVISION1,REAL,MT4,ZMQ,EURUSD
207,2020-08-04 10:40:29.020000,2020-08-04 10:40:29.030000,2020-08-04 10:40:29.034638,10.0,4.638,14.638,1.17777,1.17791,MM,OANDA DIVISION1,REAL,MT4,ZMQ,EURUSD
208,2020-08-04 10:40:29.127000,2020-08-04 10:40:29.137000,2020-08-04 10:40:29.144648,10.0,7.648,17.648,1.17777,1.17791,MM,OANDA DIVISION1,REAL,MT4,ZMQ,EURUSD
209,2020-08-04 10:40:29.238000,2020-08-04 10:40:29.248000,2020-08-04 10:40:29.252734,10.0,4.734,14.734,1.17777,1.17791,MM,OANDA DIVISION1,REAL,MT4,ZMQ,EURUSD
210,2020-08-04 10:40:29.254000,2020-08-04 10:40:29.264000,2020-08-04 10:40:29.278709,10.0,14.709,24.709,1.17776,1.1779,MM,OANDA DIVISION1,REAL,MT4,ZMQ,EURUSD
211,2020-08-04 10:40:29.348000,2020-08-04 10:40:29.358000,2020-08-04 10:40:29.362735,10.0,4.735,14.735,1.17776,1.1779,MM,OANDA DIVISION1,REAL,MT4,ZMQ,EURUSD
212,2020-08-04 10:40:29.458000,2020-08-04 10:40:29.468000,2020-08-04 10:40:29.472601,10.0,4.601,14.601,1.17776,1.1779,MM,OANDA DIVISION1,REAL,MT4,ZMQ,EURUSD
213,2020-08-04 10:40:29.630000,2020-08-04 10:40:29.640000,2020-08-04 10:40:29.971793,10.0,331.793,341.793,1.17774,1.17794,MM,X-Trade Brokers DM SA,REAL,MT4,ZMQ,EURUSD
214,2020-08-04 10:40:29.564000,2020-08-04 10:40:29.574000,2020-08-04 10:40:29.994793,10.0,420.793,430.793,1.17776,1.1779,MM,OANDA DIVISION1,REAL,MT4,ZMQ,EURUSD
215,2020-08-04 10:40:29.741000,2020-08-04 10:40:29.751000,2020-08-04 10:40:30.021762,10.0,270.762,280.762,1.17774,1.17794,MM,X-Trade Brokers DM SA,REAL,MT4,ZMQ,EURUSD
216,2020-08-04 10:40:29.673000,2020-08-04 10:40:29.683000,2020-08-04 10:40:30.047762,10.0,364.762,374.762,1.17776,1.1779,MM,OANDA DIVISION1,REAL,MT4,ZMQ,EURUSD
217,2020-08-04 10:40:29.853000,2020-08-04 10:40:29.863000,2020-08-04 10:40:30.073762,10.0,210.762,220.762,1.17774,1.17794,MM,X-Trade Brokers DM SA,REAL,MT4,ZMQ,EURUSD
218,2020-08-04 10:40:29.786000,2020-08-04 10:40:29.796000,2020-08-04 10:40:30.099762,10.0,303.762,313.762,1.17776,1.1779,MM,OANDA DIVISION1,REAL,MT4,ZMQ,EURUSD
219,2020-08-04 10:40:29.954000,2020-08-04 10:40:29.964000,2020-08-04 10:40:30.125761,10.0,161.761,171.761,1.17774,1.17794,MM,X-Trade Brokers DM SA,REAL,MT4,ZMQ,EURUSD
220,2020-08-04 10:40:29.901000,2020-08-04 10:40:29.911000,2020-08-04 10:40:30.151761,10.0,240.761,250.761,1.17776,1.1779,MM,OANDA DIVISION1,REAL,MT4,ZMQ,EURUSD
221,2020-08-04 10:40:30.066000,2020-08-04 10:40:30.076000,2020-08-04 10:40:30.176761,10.0,100.761,110.761,1.17774,1.17794,MM,X-Trade Brokers DM SA,REAL,MT4,ZMQ,EURUSD
222,2020-08-04 10:40:30.005000,2020-08-04 10:40:30.015000,2020-08-04 10:40:30.202762,10.0,187.762,197.762,1.17776,1.1779,MM,OANDA DIVISION1,REAL,MT4,ZMQ,EURUSD
223,2020-08-04 10:40:30.172000,2020-08-04 10:40:30.182000,2020-08-04 10:40:30.228273,10.0,46.273,56.273,1.17774,1.17794,MM,X-Trade Brokers DM SA,REAL,MT4,ZMQ,EURUSD
224,2020-08-04 10:40:30.113000,2020-08-04 10:40:30.123000,2020-08-04 10:40:30.254273,10.0,131.273,141.273,1.17776,1.1779,MM,OANDA DIVISION1,REAL,MT4,ZMQ,EURUSD
225,2020-08-04 10:40:30.219000,2020-08-04 10:40:30.229000,2020-08-04 10:40:30.280273,10.0,51.273,61.273,1.17776,1.1779,MM,OANDA DIVISION1,REAL,MT4,ZMQ,EURUSD
226,2020-08-04 10:40:30.286000,2020-08-04 10:40:30.296000,2020-08-04 10:40:30.306273,10.0,10.273,20.273,1.17774,1.17794,MM,X-Trade Brokers DM SA,REAL,MT4,ZMQ,EURUSD
227,2020-08-04 10:40:30.329000,2020-08-04 10:40:30.339000,2020-08-04 10:40:30.343334,10.0,4.334,14.334,1.17776,1.1779,MM,OANDA DIVISION1,REAL,MT4,ZMQ,EURUSD
228,2020-08-04 10:40:30.397000,2020-08-04 10:40:30.407000,2020-08-04 10:40:30.411835,10.0,4.835,14.835,1.17774,1.17794,MM,X-Trade Brokers DM SA,REAL,MT4,ZMQ,EURUSD
229,2020-08-04 10:40:30.438000,2020-08-04 10:40:30.448000,2020-08-04 10:40:30.452834,10.0,4.834,14.834,1.17776,1.1779,MM,OANDA DIVISION1,REAL,MT4,ZMQ,EURUSD
230,2020-08-04 10:40:30.504000,2020-08-04 10:40:30.514000,2020-08-04 10:40:30.518834,10.0,4.834,14.834,1.17774,1.17794,MM,X-Trade Brokers DM SA,REAL,MT4,ZMQ,EURUSD
231,2020-08-04 10:40:30.548000,2020-08-04 10:40:30.558000,2020-08-04 10:40:30.562836,10.0,4.836,14.836,1.17776,1.1779,MM,OANDA DIVISION1,REAL,MT4,ZMQ,EURUSD
232,2020-08-04 10:40:30.611000,2020-08-04 10:40:30.621000,2020-08-04 10:40:30.625835,10.0,4.835,14.835,1.17774,1.17794,MM,X-Trade Brokers DM SA,REAL,MT4,ZMQ,EURUSD
233,2020-08-04 10:40:30.663000,2020-08-04 10:40:30.673000,2020-08-04 10:40:30.677835,10.0,4.835,14.835,1.17776,1.1779,MM,OANDA DIVISION1,REAL,MT4,ZMQ,EURUSD
234,2020-08-04 10:40:30.723000,2020-08-04 10:40:30.733000,2020-08-04 10:40:30.737834,10.0,4.834,14.834,1.17774,1.17794,MM,X-Trade Brokers DM SA,REAL,MT4,ZMQ,EURUSD
235,2020-08-04 10:40:30.771000,2020-08-04 10:40:30.781000,2020-08-04 10:40:30.785835,10.0,4.835,14.835,1.17776,1.1779,MM,OANDA DIVISION1,REAL,MT4,ZMQ,EURUSD
236,2020-08-04 10:40:30.828000,2020-08-04 10:40:30.838000,2020-08-04 10:40:30.843835,10.0,5.835,15.835,1.17774,1.17794,MM,X-Trade Brokers DM SA,REAL,MT4,ZMQ,EURUSD
237,2020-08-04 10:40:30.876000,2020-08-04 10:40:30.886000,2020-08-04 10:40:30.890835,10.0,4.835,14.835,1.17776,1.1779,MM,OANDA DIVISION1,REAL,MT4,ZMQ,EURUSD
238,2020-08-04 10:40:30.939000,2020-08-04 10:40:30.949000,2020-08-04 10:40:30.953834,10.0,4.834,14.834,1.17774,1.17794,MM,X-Trade Brokers DM SA,REAL,MT4,ZMQ,EURUSD
239,2020-08-04 10:40:30.985000,2020-08-04 10:40:30.995000,2020-08-04 10:40:30.999835,10.0,4.835,14.835,1.17776,1.1779,MM,OANDA DIVISION1,REAL,MT4,ZMQ,EURUSD
240,2020-08-04 10:40:31.047000,2020-08-04 10:40:31.057000,2020-08-04 10:40:31.061835,10.0,4.835,14.835,1.17774,1.17794,MM,X-Trade Brokers DM SA,REAL,MT4,ZMQ,EURUSD
241,2020-08-04 10:40:31.097000,2020-08-04 10:40:31.107000,2020-08-04 10:40:31.111835,10.0,4.835,14.835,1.17776,1.1779,MM,OANDA DIVISION1,REAL,MT4,ZMQ,EURUSD
242,2020-08-04 10:40:31.156000,2020-08-04 10:40:31.166000,2020-08-04 10:40:31.170859,10.0,4.859,14.859,1.17774,1.17794,MM,X-Trade Brokers DM SA,REAL,MT4,ZMQ,EURUSD
243,2020-08-04 10:40:31.203000,2020-08-04 10:40:31.213000,2020-08-04 10:40:31.217859,10.0,4.859,14.859,1.17776,1.1779,MM,OANDA DIVISION1,REAL,MT4,ZMQ,EURUSD
244,2020-08-04 10:40:31.277000,2020-08-04 10:40:31.287000,2020-08-04 10:40:31.291860,10.0,4.86,14.86,1.17774,1.17794,MM,X-Trade Brokers DM SA,REAL,MT4,ZMQ,EURUSD
245,2020-08-04 10:40:31.313000,2020-08-04 10:40:31.323000,2020-08-04 10:40:31.327835,10.0,4.835,14.835,1.17776,1.1779,MM,OANDA DIVISION1,REAL,MT4,ZMQ,EURUSD
246,2020-08-04 10:40:31.375000,2020-08-04 10:40:31.385000,2020-08-04 10:40:31.389863,10.0,4.863,14.863,1.17774,1.17794,MM,X-Trade Brokers DM SA,REAL,MT4,ZMQ,EURUSD
247,2020-08-04 10:40:31.426000,2020-08-04 10:40:31.436000,2020-08-04 10:40:31.440835,10.0,4.835,14.835,1.17776,1.1779,MM,OANDA DIVISION1,REAL,MT4,ZMQ,EURUSD
248,2020-08-04 10:40:31.486000,2020-08-04 10:40:31.496000,2020-08-04 10:40:31.500835,10.0,4.835,14.835,1.17774,1.17794,MM,X-Trade Brokers DM SA,REAL,MT4,ZMQ,EURUSD
249,2020-08-04 10:40:31.531000,2020-08-04 10:40:31.541000,2020-08-04 10:40:31.545835,10.0,4.835,14.835,1.17776,1.1779,MM,OANDA DIVISION1,REAL,MT4,ZMQ,EURUSD
250,2020-08-04 10:40:31.597000,2020-08-04 10:40:31.607000,2020-08-04 10:40:31.611835,10.0,4.835,14.835,1.17774,1.17794,MM,X-Trade Brokers DM SA,REAL,MT4,ZMQ,EURUSD
251,2020-08-04 10:40:31.652000,2020-08-04 10:40:31.662000,2020-08-04 10:40:31.667835,10.0,5.835,15.835,1.17776,1.1779,MM,OANDA DIVISION1,REAL,MT4,ZMQ,EURUSD
252,2020-08-04 10:40:31.703000,2020-08-04 10:40:31.713000,2020-08-04 10:40:31.717835,10.0,4.835,14.835,1.17774,1.17794,MM,X-Trade Brokers DM SA,REAL,MT4,ZMQ,EURUSD
253,2020-08-04 10:40:31.750000,2020-08-04 10:40:31.760000,2020-08-04 10:40:31.764835,10.0,4.835,14.835,1.17776,1.1779,MM,OANDA DIVISION1,REAL,MT4,ZMQ,EURUSD
254,2020-08-04 10:40:31.816000,2020-08-04 10:40:31.826000,2020-08-04 10:40:31.830835,10.0,4.835,14.835,1.17774,1.17794,MM,X-Trade Brokers DM SA,REAL,MT4,ZMQ,EURUSD
255,2020-08-04 10:40:31.862000,2020-08-04 10:40:31.872000,2020-08-04 10:40:31.876835,10.0,4.835,14.835,1.17776,1.1779,MM,OANDA DIVISION1,REAL,MT4,ZMQ,EURUSD
256,2020-08-04 10:40:31.927000,2020-08-04 10:40:31.937000,2020-08-04 10:40:31.941835,10.0,4.835,14.835,1.17774,1.17794,MM,X-Trade Brokers DM SA,REAL,MT4,ZMQ,EURUSD
257,2020-08-04 10:40:31.973000,2020-08-04 10:40:31.983000,2020-08-04 10:40:31.987835,10.0,4.835,14.835,1.17776,1.1779,MM,OANDA DIVISION1,REAL,MT4,ZMQ,EURUSD
258,2020-08-04 10:40:32.043000,2020-08-04 10:40:32.053000,2020-08-04 10:40:32.058834,10.0,5.834,15.834,1.17774,1.17794,MM,X-Trade Brokers DM SA,REAL,MT4,ZMQ,EURUSD
259,2020-08-04 10:40:32.083000,2020-08-04 10:40:32.093000,2020-08-04 10:40:32.097836,10.0,4.836,14.836,1.17776,1.1779,MM,OANDA DIVISION1,REAL,MT4,ZMQ,EURUSD
260,2020-08-04 10:40:32.143000,2020-08-04 10:40:32.153000,2020-08-04 10:40:32.158834,10.0,5.834,15.834,1.17774,1.17794,MM,X-Trade Brokers DM SA,REAL,MT4,ZMQ,EURUSD
261,2020-08-04 10:40:32.190000,2020-08-04 10:40:32.200000,2020-08-04 10:40:32.204834,10.0,4.834,14.834,1.17776,1.1779,MM,OANDA DIVISION1,REAL,MT4,ZMQ,EURUSD
262,2020-08-04 10:40:32.250000,2020-08-04 10:40:32.260000,2020-08-04 10:40:32.264836,10.0,4.836,14.836,1.17774,1.17794,MM,X-Trade Brokers DM SA,REAL,MT4,ZMQ,EURUSD
263,2020-08-04 10:40:32.300000,2020-08-04 10:40:32.310000,2020-08-04 10:40:32.314836,10.0,4.836,14.836,1.17776,1.1779,MM,OANDA DIVISION1,REAL,MT4,ZMQ,EURUSD
264,2020-08-04 10:40:32.360000,2020-08-04 10:40:32.370000,2020-08-04 10:40:32.374837,10.0,4.837,14.837,1.17774,1.17794,MM,X-Trade Brokers DM SA,REAL,MT4,ZMQ,EURUSD
265,2020-08-04 10:40:32.407000,2020-08-04 10:40:32.417000,2020-08-04 10:40:32.422835,10.0,5.835,15.835,1.17776,1.1779,MM,OANDA DIVISION1,REAL,MT4,ZMQ,EURUSD
266,2020-08-04 10:40:32.474000,2020-08-04 10:40:32.484000,2020-08-04 10:40:32.489834,10.0,5.834,15.834,1.17774,1.17794,MM,X-Trade Brokers DM SA,REAL,MT4,ZMQ,EURUSD
267,2020-08-04 10:40:32.518000,2020-08-04 10:40:32.528000,2020-08-04 10:40:32.532835,10.0,4.835,14.835,1.17776,1.1779,MM,OANDA DIVISION1,REAL,MT4,ZMQ,EURUSD
268,2020-08-04 10:40:32.582000,2020-08-04 10:40:32.592000,2020-08-04 10:40:32.596835,10.0,4.835,14.835,1.17774,1.17794,MM,X-Trade Brokers DM SA,REAL,MT4,ZMQ,EURUSD
269,2020-08-04 10:40:32.629000,2020-08-04 10:40:32.639000,2020-08-04 10:40:32.644836,10.0,5.836,15.836,1.17776,1.1779,MM,OANDA DIVISION1,REAL,MT4,ZMQ,EURUSD
270,2020-08-04 10:40:32.694000,2020-08-04 10:40:32.704000,2020-08-04 10:40:32.708835,10.0,4.835,14.835,1.17774,1.17794,MM,X-Trade Brokers DM SA,REAL,MT4,ZMQ,EURUSD
271,2020-08-04 10:40:32.741000,2020-08-04 10:40:32.751000,2020-08-04 10:40:32.762836,10.0,11.836,21.836,1.17776,1.1779,MM,OANDA DIVISION1,REAL,MT4,ZMQ,EURUSD
272,2020-08-04 10:40:32.802000,2020-08-04 10:40:32.812000,2020-08-04 10:40:32.816835,10.0,4.835,14.835,1.17774,1.17794,MM,X-Trade Brokers DM SA,REAL,MT4,ZMQ,EURUSD
273,2020-08-04 10:40:32.847000,2020-08-04 10:40:32.857000,2020-08-04 10:40:32.863837,10.0,6.837,16.837,1.17776,1.1779,MM,OANDA DIVISION1,REAL,MT4,ZMQ,EURUSD
274,2020-08-04 10:40:32.911000,2020-08-04 10:40:32.921000,2020-08-04 10:40:32.926835,10.0,5.835,15.835,1.17774,1.17794,MM,X-Trade Brokers DM SA,REAL,MT4,ZMQ,EURUSD
275,2020-08-04 10:40:32.957000,2020-08-04 10:40:32.967000,2020-08-04 10:40:32.974836,10.0,7.836,17.836,1.17776,1.1779,MM,OANDA DIVISION1,REAL,MT4,ZMQ,EURUSD
276,2020-08-04 10:40:33.032000,2020-08-04 10:40:33.042000,2020-08-04 10:40:33.047835,10.0,5.835,15.835,1.17774,1.17794,MM,X-Trade Brokers DM SA,REAL,MT4,ZMQ,EURUSD
277,2020-08-04 10:40:33.063000,2020-08-04 10:40:33.073000,2020-08-04 10:40:33.081837,10.0,8.837,18.837,1.17776,1.1779,MM,OANDA DIVISION1,REAL,MT4,ZMQ,EURUSD
278,2020-08-04 10:40:33.127000,2020-08-04 10:40:33.137000,2020-08-04 10:40:33.142835,10.0,5.835,15.835,1.17774,1.17794,MM,X-Trade Brokers DM SA,REAL,MT4,ZMQ,EURUSD
279,2020-08-04 10:40:33.174000,2020-08-04 10:40:33.184000,2020-08-04 10:40:33.188836,10.0,4.836,14.836,1.17776,1.1779,MM,OANDA DIVISION1,REAL,MT4,ZMQ,EURUSD
280,2020-08-04 10:40:33.240000,2020-08-04 10:40:33.250000,2020-08-04 10:40:33.254836,10.0,4.836,14.836,1.17774,1.17794,MM,X-Trade Brokers DM SA,REAL,MT4,ZMQ,EURUSD
281,2020-08-04 10:40:33.286000,2020-08-04 10:40:33.296000,2020-08-04 10:40:33.300835,10.0,4.835,14.835,1.17776,1.1779,MM,OANDA DIVISION1,REAL,MT4,ZMQ,EURUSD
282,2020-08-04 10:40:33.350000,2020-08-04 10:40:33.360000,2020-08-04 10:40:33.364834,10.0,4.834,14.834,1.17774,1.17794,MM,X-Trade Brokers DM SA,REAL,MT4,ZMQ,EURUSD
283,2020-08-04 10:40:33.402000,2020-08-04 10:40:33.412000,2020-08-04 10:40:33.416834,10.0,4.834,14.834,1.17776,1.1779,MM,OANDA DIVISION1,REAL,MT4,ZMQ,EURUSD
284,2020-08-04 10:40:33.454000,2020-08-04 10:40:33.464000,2020-08-04 10:40:33.468860,10.0,4.86,14.86,1.17774,1.17794,MM,X-Trade Brokers DM SA,REAL,MT4,ZMQ,EURUSD
285,2020-08-04 10:40:33.509000,2020-08-04 10:40:33.519000,2020-08-04 10:40:33.524837,10.0,5.837,15.837,1.17776,1.1779,MM,OANDA DIVISION1,REAL,MT4,ZMQ,EURUSD
286,2020-08-04 10:40:33.568000,2020-08-04 10:40:33.578000,2020-08-04 10:40:33.585835,10.0,7.835,17.835,1.17774,1.17794,MM,X-Trade Brokers DM SA,REAL,MT4,ZMQ,EURUSD
287,2020-08-04 10:40:33.613000,2020-08-04 10:40:33.623000,2020-08-04 10:40:33.629836,10.0,6.836,16.836,1.17776,1.1779,MM,OANDA DIVISION1,REAL,MT4,ZMQ,EURUSD
288,2020-08-04 10:40:33.676000,2020-08-04 10:40:33.686000,2020-08-04 10:40:33.690835,10.0,4.835,14.835,1.17774,1.17794,MM,X-Trade Brokers DM SA,REAL,MT4,ZMQ,EURUSD
289,2020-08-04 10:40:33.720000,2020-08-04 10:40:33.730000,2020-08-04 10:40:33.734836,10.0,4.836,14.836,1.17776,1.1779,MM,OANDA DIVISION1,REAL,MT4,ZMQ,EURUSD
290,2020-08-04 10:40:33.787000,2020-08-04 10:40:33.797000,2020-08-04 10:40:33.802835,10.0,5.835,15.835,1.17774,1.17794,MM,X-Trade Brokers DM SA,REAL,MT4,ZMQ,EURUSD
291,2020-08-04 10:40:33.832000,2020-08-04 10:40:33.842000,2020-08-04 10:40:33.846835,10.0,4.835,14.835,1.17776,1.1779,MM,OANDA DIVISION1,REAL,MT4,ZMQ,EURUSD
292,2020-08-04 10:40:33.892000,2020-08-04 10:40:33.902000,2020-08-04 10:40:33.906836,10.0,4.836,14.836,1.17774,1.17794,MM,X-Trade Brokers DM SA,REAL,MT4,ZMQ,EURUSD
293,2020-08-04 10:40:33.941000,2020-08-04 10:40:33.951000,2020-08-04 10:40:33.955835,10.0,4.835,14.835,1.17776,1.1779,MM,OANDA DIVISION1,REAL,MT4,ZMQ,EURUSD
294,2020-08-04 10:40:34.005000,2020-08-04 10:40:34.015000,2020-08-04 10:40:34.019835,10.0,4.835,14.835,1.17774,1.17794,MM,X-Trade Brokers DM SA,REAL,MT4,ZMQ,EURUSD
295,2020-08-04 10:40:34.049000,2020-08-04 10:40:34.059000,2020-08-04 10:40:34.063834,10.0,4.834,14.834,1.17776,1.1779,MM,OANDA DIVISION1,REAL,MT4,ZMQ,EURUSD
296,2020-08-04 10:40:34.116000,2020-08-04 10:40:34.126000,2020-08-04 10:40:34.130835,10.0,4.835,14.835,1.17774,1.17794,MM,X-Trade Brokers DM SA,REAL,MT4,ZMQ,EURUSD
297,2020-08-04 10:40:34.162000,2020-08-04 10:40:34.172000,2020-08-04 10:40:34.176835,10.0,4.835,14.835,1.17776,1.1779,MM,OANDA DIVISION1,REAL,MT4,ZMQ,EURUSD
298,2020-08-04 10:40:34.222000,2020-08-04 10:40:34.232000,2020-08-04 10:40:34.236835,10.0,4.835,14.835,1.17774,1.17794,MM,X-Trade Brokers DM SA,REAL,MT4,ZMQ,EURUSD
299,2020-08-04 10:40:34.267000,2020-08-04 10:40:34.277000,2020-08-04 10:40:34.282836,10.0,5.836,15.836,1.17776,1.1779,MM,OANDA DIVISION1,REAL,MT4,ZMQ,EURUSD
300,2020-08-04 10:40:34.376000,2020-08-04 10:40:34.386000,2020-08-04 10:40:34.390835,10.0,4.835,14.835,1.17776,1.1779,MM,OANDA DIVISION1,REAL,MT4,ZMQ,EURUSD
301,2020-08-04 10:40:34.449000,2020-08-04 10:40:34.459000,2020-08-04 10:40:34.463835,10.0,4.835,14.835,1.17774,1.17794,MM,X-Trade Brokers DM SA,REAL,MT4,ZMQ,EURUSD
302,2020-08-04 10:40:34.488000,2020-08-04 10:40:34.498000,2020-08-04 10:40:34.502864,10.0,4.864,14.864,1.17776,1.1779,MM,OANDA DIVISION1,REAL,MT4,ZMQ,EURUSD
303,2020-08-04 10:40:34.551000,2020-08-04 10:40:34.561000,2020-08-04 10:40:34.565834,10.0,4.834,14.834,1.17774,1.17794,MM,X-Trade Brokers DM SA,REAL,MT4,ZMQ,EURUSD
304,2020-08-04 10:40:34.595000,2020-08-04 10:40:34.605000,2020-08-04 10:40:34.609834,10.0,4.834,14.834,1.17776,1.1779,MM,OANDA DIVISION1,REAL,MT4,ZMQ,EURUSD
305,2020-08-04 10:40:34.656000,2020-08-04 10:40:34.666000,2020-08-04 10:40:34.670835,10.0,4.835,14.835,1.17774,1.17794,MM,X-Trade Brokers DM SA,REAL,MT4,ZMQ,EURUSD
306,2020-08-04 10:40:34.703000,2020-08-04 10:40:34.713000,2020-08-04 10:40:34.717835,10.0,4.835,14.835,1.17776,1.1779,MM,OANDA DIVISION1,REAL,MT4,ZMQ,EURUSD
307,2020-08-04 10:40:34.777000,2020-08-04 10:40:34.787000,2020-08-04 10:40:34.792835,10.0,5.835,15.835,1.17774,1.17794,MM,X-Trade Brokers DM SA,REAL,MT4,ZMQ,EURUSD
308,2020-08-04 10:40:34.816000,2020-08-04 10:40:34.826000,2020-08-04 10:40:34.830835,10.0,4.835,14.835,1.17776,1.1779,MM,OANDA DIVISION1,REAL,MT4,ZMQ,EURUSD
309,2020-08-04 10:40:34.880000,2020-08-04 10:40:34.890000,2020-08-04 10:40:34.894835,10.0,4.835,14.835,1.17774,1.17794,MM,X-Trade Brokers DM SA,REAL,MT4,ZMQ,EURUSD
310,2020-08-04 10:40:34.924000,2020-08-04 10:40:34.934000,2020-08-04 10:40:34.938835,10.0,4.835,14.835,1.17776,1.1779,MM,OANDA DIVISION1,REAL,MT4,ZMQ,EURUSD
311,2020-08-04 10:40:34.987000,2020-08-04 10:40:34.997000,2020-08-04 10:40:35.001835,10.0,4.835,14.835,1.17774,1.17794,MM,X-Trade Brokers DM SA,REAL,MT4,ZMQ,EURUSD
312,2020-08-04 10:40:35.032000,2020-08-04 10:40:35.042000,2020-08-04 10:40:35.046835,10.0,4.835,14.835,1.17776,1.1779,MM,OANDA DIVISION1,REAL,MT4,ZMQ,EURUSD
313,2020-08-04 10:40:35.097000,2020-08-04 10:40:35.107000,2020-08-04 10:40:35.111865,10.0,4.865,14.865,1.17774,1.17794,MM,X-Trade Brokers DM SA,REAL,MT4,ZMQ,EURUSD
314,2020-08-04 10:40:35.148000,2020-08-04 10:40:35.158000,2020-08-04 10:40:35.163835,10.0,5.835,15.835,1.17776,1.1779,MM,OANDA DIVISION1,REAL,MT4,ZMQ,EURUSD
315,2020-08-04 10:40:35.203000,2020-08-04 10:40:35.213000,2020-08-04 10:40:35.217835,10.0,4.835,14.835,1.17774,1.17794,MM,X-Trade Brokers DM SA,REAL,MT4,ZMQ,EURUSD
316,2020-08-04 10:40:35.253000,2020-08-04 10:40:35.263000,2020-08-04 10:40:35.267835,10.0,4.835,14.835,1.17776,1.1779,MM,OANDA DIVISION1,REAL,MT4,ZMQ,EURUSD
317,2020-08-04 10:40:35.305000,2020-08-04 10:40:35.315000,2020-08-04 10:40:35.319835,10.0,4.835,14.835,1.17777,1.17791,MM,OANDA DIVISION1,REAL,MT4,ZMQ,EURUSD
318,2020-08-04 10:40:35.318000,2020-08-04 10:40:35.328000,2020-08-04 10:40:35.346835,10.0,18.835,28.835,1.17774,1.17794,MM,X-Trade Brokers DM SA,REAL,MT4,ZMQ,EURUSD
319,2020-08-04 10:40:35.364000,2020-08-04 10:40:35.374000,2020-08-04 10:40:35.378835,10.0,4.835,14.835,1.17777,1.17791,MM,OANDA DIVISION1,REAL,MT4,ZMQ,EURUSD
320,2020-08-04 10:40:35.422000,2020-08-04 10:40:35.432000,2020-08-04 10:40:35.436835,10.0,4.835,14.835,1.17774,1.17794,MM,X-Trade Brokers DM SA,REAL,MT4,ZMQ,EURUSD
321,2020-08-04 10:40:35.457000,2020-08-04 10:40:35.467000,2020-08-04 10:40:35.471835,10.0,4.835,14.835,1.17776,1.1779,MM,OANDA DIVISION1,REAL,MT4,ZMQ,EURUSD
322,2020-08-04 10:40:35.472000,2020-08-04 10:40:35.482000,2020-08-04 10:40:35.497835,10.0,15.835,25.835,1.17776,1.1779,MM,OANDA DIVISION1,REAL,MT4,ZMQ,EURUSD
323,2020-08-04 10:40:35.534000,2020-08-04 10:40:35.544000,2020-08-04 10:40:35.549836,10.0,5.836,15.836,1.17774,1.17794,MM,X-Trade Brokers DM SA,REAL,MT4,ZMQ,EURUSD
324,2020-08-04 10:40:35.580000,2020-08-04 10:40:35.590000,2020-08-04 10:40:35.594861,10.0,4.861,14.861,1.17776,1.1779,MM,OANDA DIVISION1,REAL,MT4,ZMQ,EURUSD
325,2020-08-04 10:40:35.630000,2020-08-04 10:40:35.640000,2020-08-04 10:40:35.644860,10.0,4.86,14.86,1.17777,1.17791,MM,OANDA DIVISION1,REAL,MT4,ZMQ,EURUSD
326,2020-08-04 10:40:35.646000,2020-08-04 10:40:35.656000,2020-08-04 10:40:35.671866,10.0,15.866,25.866,1.17774,1.17794,MM,X-Trade Brokers DM SA,REAL,MT4,ZMQ,EURUSD
327,2020-08-04 10:40:35.688000,2020-08-04 10:40:35.698000,2020-08-04 10:40:35.703835,10.0,5.835,15.835,1.17777,1.17791,MM,OANDA DIVISION1,REAL,MT4,ZMQ,EURUSD
328,2020-08-04 10:40:35.755000,2020-08-04 10:40:35.765000,2020-08-04 10:40:35.769834,10.0,4.834,14.834,1.17774,1.17794,MM,X-Trade Brokers DM SA,REAL,MT4,ZMQ,EURUSD
329,2020-08-04 10:40:35.798000,2020-08-04 10:40:35.808000,2020-08-04 10:40:35.812835,10.0,4.835,14.835,1.17777,1.17791,MM,OANDA DIVISION1,REAL,MT4,ZMQ,EURUSD
330,2020-08-04 10:40:35.816000,2020-08-04 10:40:35.826000,2020-08-04 10:40:35.843835,10.0,17.835,27.835,1.17776,1.1779,MM,OANDA DIVISION1,REAL,MT4,ZMQ,EURUSD
331,2020-08-04 10:40:35.861000,2020-08-04 10:40:35.871000,2020-08-04 10:40:35.875835,10.0,4.835,14.835,1.17774,1.17794,MM,X-Trade Brokers DM SA,REAL,MT4,ZMQ,EURUSD
332,2020-08-04 10:40:35.885000,2020-08-04 10:40:35.895000,2020-08-04 10:40:35.905835,10.0,10.835,20.835,1.17777,1.17791,MM,OANDA DIVISION1,REAL,MT4,ZMQ,EURUSD
333,2020-08-04 10:40:35.914000,2020-08-04 10:40:35.924000,2020-08-04 10:40:35.933834,10.0,9.834,19.834,1.17777,1.17791,MM,OANDA DIVISION1,REAL,MT4,ZMQ,EURUSD
334,2020-08-04 10:40:35.974000,2020-08-04 10:40:35.984000,2020-08-04 10:40:35.988834,10.0,4.834,14.834,1.17774,1.17794,MM,X-Trade Brokers DM SA,REAL,MT4,ZMQ,EURUSD
335,2020-08-04 10:40:36.016000,2020-08-04 10:40:36.026000,2020-08-04 10:40:36.030836,10.0,4.836,14.836,1.17777,1.17791,MM,OANDA DIVISION1,REAL,MT4,ZMQ,EURUSD
336,2020-08-04 10:40:36.082000,2020-08-04 10:40:36.092000,2020-08-04 10:40:36.096835,10.0,4.835,14.835,1.17774,1.17794,MM,X-Trade Brokers DM SA,REAL,MT4,ZMQ,EURUSD
337,2020-08-04 10:40:36.125000,2020-08-04 10:40:36.135000,2020-08-04 10:40:36.139833,10.0,4.833,14.833,1.17777,1.17791,MM,OANDA DIVISION1,REAL,MT4,ZMQ,EURUSD
338,2020-08-04 10:40:36.189000,2020-08-04 10:40:36.199000,2020-08-04 10:40:36.203835,10.0,4.835,14.835,1.17774,1.17794,MM,X-Trade Brokers DM SA,REAL,MT4,ZMQ,EURUSD
339,2020-08-04 10:40:36.217000,2020-08-04 10:40:36.227000,2020-08-04 10:40:36.231834,10.0,4.834,14.834,1.17776,1.1779,MM,OANDA DIVISION1,REAL,MT4,ZMQ,EURUSD
340,2020-08-04 10:40:36.235000,2020-08-04 10:40:36.245000,2020-08-04 10:40:36.256835,10.0,11.835,21.835,1.17776,1.1779,MM,OANDA DIVISION1,REAL,MT4,ZMQ,EURUSD
341,2020-08-04 10:40:36.300000,2020-08-04 10:40:36.310000,2020-08-04 10:40:36.314833,10.0,4.833,14.833,1.17774,1.17794,MM,X-Trade Brokers DM SA,REAL,MT4,ZMQ,EURUSD
342,2020-08-04 10:40:36.346000,2020-08-04 10:40:36.356000,2020-08-04 10:40:36.360834,10.0,4.834,14.834,1.17776,1.1779,MM,OANDA DIVISION1,REAL,MT4,ZMQ,EURUSD
343,2020-08-04 10:40:36.406000,2020-08-04 10:40:36.416000,2020-08-04 10:40:36.420833,10.0,4.833,14.833,1.17774,1.17794,MM,X-Trade Brokers DM SA,REAL,MT4,ZMQ,EURUSD
344,2020-08-04 10:40:36.441000,2020-08-04 10:40:36.451000,2020-08-04 10:40:36.455835,10.0,4.835,14.835,1.17775,1.17788,MM,OANDA DIVISION1,REAL,MT4,ZMQ,EURUSD
345,2020-08-04 10:40:36.457000,2020-08-04 10:40:36.467000,2020-08-04 10:40:36.482835,10.0,15.835,25.835,1.17775,1.17788,MM,OANDA DIVISION1,REAL,MT4,ZMQ,EURUSD
346,2020-08-04 10:40:36.531000,2020-08-04 10:40:36.541000,2020-08-04 10:40:36.546835,10.0,5.835,15.835,1.17774,1.17794,MM,X-Trade Brokers DM SA,REAL,MT4,ZMQ,EURUSD
347,2020-08-04 10:40:36.567000,2020-08-04 10:40:36.577000,2020-08-04 10:40:36.581862,10.0,4.862,14.862,1.17775,1.17788,MM,OANDA DIVISION1,REAL,MT4,ZMQ,EURUSD
348,2020-08-04 10:40:36.626000,2020-08-04 10:40:36.636000,2020-08-04 10:40:36.640861,10.0,4.861,14.861,1.17774,1.17794,MM,X-Trade Brokers DM SA,REAL,MT4,ZMQ,EURUSD
349,2020-08-04 10:40:36.672000,2020-08-04 10:40:36.682000,2020-08-04 10:40:36.686861,10.0,4.861,14.861,1.17775,1.17788,MM,OANDA DIVISION1,REAL,MT4,ZMQ,EURUSD
350,2020-08-04 10:40:36.739000,2020-08-04 10:40:36.749000,2020-08-04 10:40:36.753861,10.0,4.861,14.861,1.17774,1.17794,MM,X-Trade Brokers DM SA,REAL,MT4,ZMQ,EURUSD
351,2020-08-04 10:40:36.785000,2020-08-04 10:40:36.795000,2020-08-04 10:40:36.799860,10.0,4.86,14.86,1.17775,1.17788,MM,OANDA DIVISION1,REAL,MT4,ZMQ,EURUSD
352,2020-08-04 10:40:36.844000,2020-08-04 10:40:36.854000,2020-08-04 10:40:36.858859,10.0,4.859,14.859,1.17774,1.17794,MM,X-Trade Brokers DM SA,REAL,MT4,ZMQ,EURUSD
353,2020-08-04 10:40:36.908000,2020-08-04 10:40:36.918000,2020-08-04 10:40:36.922860,10.0,4.86,14.86,1.17775,1.17788,MM,OANDA DIVISION1,REAL,MT4,ZMQ,EURUSD
354,2020-08-04 10:40:36.954000,2020-08-04 10:40:36.964000,2020-08-04 10:40:36.968859,10.0,4.859,14.859,1.17774,1.17794,MM,X-Trade Brokers DM SA,REAL,MT4,ZMQ,EURUSD
355,2020-08-04 10:40:37.001000,2020-08-04 10:40:37.011000,2020-08-04 10:40:37.015859,10.0,4.859,14.859,1.17775,1.17788,MM,OANDA DIVISION1,REAL,MT4,ZMQ,EURUSD
356,2020-08-04 10:40:37.063000,2020-08-04 10:40:37.073000,2020-08-04 10:40:37.077861,10.0,4.861,14.861,1.17774,1.17794,MM,X-Trade Brokers DM SA,REAL,MT4,ZMQ,EURUSD
357,2020-08-04 10:40:37.111000,2020-08-04 10:40:37.121000,2020-08-04 10:40:37.125861,10.0,4.861,14.861,1.17775,1.17788,MM,OANDA DIVISION1,REAL,MT4,ZMQ,EURUSD
358,2020-08-04 10:40:37.176000,2020-08-04 10:40:37.186000,2020-08-04 10:40:37.190863,10.0,4.863,14.863,1.17774,1.17794,MM,X-Trade Brokers DM SA,REAL,MT4,ZMQ,EURUSD
359,2020-08-04 10:40:37.220000,2020-08-04 10:40:37.230000,2020-08-04 10:40:37.234862,10.0,4.862,14.862,1.17775,1.17788,MM,OANDA DIVISION1,REAL,MT4,ZMQ,EURUSD
360,2020-08-04 10:40:37.283000,2020-08-04 10:40:37.293000,2020-08-04 10:40:37.297861,10.0,4.861,14.861,1.17774,1.17794,MM,X-Trade Brokers DM SA,REAL,MT4,ZMQ,EURUSD
361,2020-08-04 10:40:37.333000,2020-08-04 10:40:37.343000,2020-08-04 10:40:37.347861,10.0,4.861,14.861,1.17775,1.17788,MM,OANDA DIVISION1,REAL,MT4,ZMQ,EURUSD
362,2020-08-04 10:40:37.393000,2020-08-04 10:40:37.403000,2020-08-04 10:40:37.407861,10.0,4.861,14.861,1.17774,1.17794,MM,X-Trade Brokers DM SA,REAL,MT4,ZMQ,EURUSD
363,2020-08-04 10:40:37.443000,2020-08-04 10:40:37.453000,2020-08-04 10:40:37.457861,10.0,4.861,14.861,1.17775,1.17788,MM,OANDA DIVISION1,REAL,MT4,ZMQ,EURUSD
364,2020-08-04 10:40:37.500000,2020-08-04 10:40:37.510000,2020-08-04 10:40:37.515861,10.0,5.861,15.861,1.17774,1.17794,MM,X-Trade Brokers DM SA,REAL,MT4,ZMQ,EURUSD
365,2020-08-04 10:40:37.552000,2020-08-04 10:40:37.562000,2020-08-04 10:40:37.566861,10.0,4.861,14.861,1.17775,1.17788,MM,OANDA DIVISION1,REAL,MT4,ZMQ,EURUSD
366,2020-08-04 10:40:37.616000,2020-08-04 10:40:37.626000,2020-08-04 10:40:37.630862,10.0,4.862,14.862,1.17774,1.17794,MM,X-Trade Brokers DM SA,REAL,MT4,ZMQ,EURUSD
367,2020-08-04 10:40:37.656000,2020-08-04 10:40:37.666000,2020-08-04 10:40:37.671860,10.0,5.86,15.86,1.17775,1.17788,MM,OANDA DIVISION1,REAL,MT4,ZMQ,EURUSD
368,2020-08-04 10:40:37.722000,2020-08-04 10:40:37.732000,2020-08-04 10:40:37.736860,10.0,4.86,14.86,1.17774,1.17794,MM,X-Trade Brokers DM SA,REAL,MT4,ZMQ,EURUSD
369,2020-08-04 10:40:37.766000,2020-08-04 10:40:37.776000,2020-08-04 10:40:37.780861,10.0,4.861,14.861,1.17775,1.17788,MM,OANDA DIVISION1,REAL,MT4,ZMQ,EURUSD
370,2020-08-04 10:40:37.833000,2020-08-04 10:40:37.843000,2020-08-04 10:40:37.847860,10.0,4.86,14.86,1.17774,1.17794,MM,X-Trade Brokers DM SA,REAL,MT4,ZMQ,EURUSD
371,2020-08-04 10:40:37.876000,2020-08-04 10:40:37.886000,2020-08-04 10:40:37.890861,10.0,4.861,14.861,1.17775,1.17788,MM,OANDA DIVISION1,REAL,MT4,ZMQ,EURUSD
372,2020-08-04 10:40:37.943000,2020-08-04 10:40:37.953000,2020-08-04 10:40:37.957861,10.0,4.861,14.861,1.17774,1.17794,MM,X-Trade Brokers DM SA,REAL,MT4,ZMQ,EURUSD
373,2020-08-04 10:40:37.990000,2020-08-04 10:40:38.000000,2020-08-04 10:40:38.004860,10.0,4.86,14.86,1.17775,1.17788,MM,OANDA DIVISION1,REAL,MT4,ZMQ,EURUSD
374,2020-08-04 10:40:38.052000,2020-08-04 10:40:38.062000,2020-08-04 10:40:38.066885,10.0,4.885,14.885,1.17774,1.17794,MM,X-Trade Brokers DM SA,REAL,MT4,ZMQ,EURUSD
375,2020-08-04 10:40:38.098000,2020-08-04 10:40:38.108000,2020-08-04 10:40:38.112884,10.0,4.884,14.884,1.17775,1.17788,MM,OANDA DIVISION1,REAL,MT4,ZMQ,EURUSD
376,2020-08-04 10:40:38.157000,2020-08-04 10:40:38.167000,2020-08-04 10:40:38.171862,10.0,4.862,14.862,1.17774,1.17794,MM,X-Trade Brokers DM SA,REAL,MT4,ZMQ,EURUSD
377,2020-08-04 10:40:38.203000,2020-08-04 10:40:38.213000,2020-08-04 10:40:38.218861,10.0,5.861,15.861,1.17775,1.17788,MM,OANDA DIVISION1,REAL,MT4,ZMQ,EURUSD
378,2020-08-04 10:40:38.282000,2020-08-04 10:40:38.292000,2020-08-04 10:40:38.296861,10.0,4.861,14.861,1.17774,1.17794,MM,X-Trade Brokers DM SA,REAL,MT4,ZMQ,EURUSD
379,2020-08-04 10:40:38.316000,2020-08-04 10:40:38.326000,2020-08-04 10:40:38.330860,10.0,4.86,14.86,1.17775,1.17788,MM,OANDA DIVISION1,REAL,MT4,ZMQ,EURUSD
380,2020-08-04 10:40:38.379000,2020-08-04 10:40:38.389000,2020-08-04 10:40:38.393374,10.0,4.374,14.374,1.17774,1.17794,MM,X-Trade Brokers DM SA,REAL,MT4,ZMQ,EURUSD
381,2020-08-04 10:40:38.424000,2020-08-04 10:40:38.434000,2020-08-04 10:40:38.438375,10.0,4.375,14.375,1.17775,1.17788,MM,OANDA DIVISION1,REAL,MT4,ZMQ,EURUSD
382,2020-08-04 10:40:38.486000,2020-08-04 10:40:38.496000,2020-08-04 10:40:38.501373,10.0,5.373,15.373,1.17774,1.17794,MM,X-Trade Brokers DM SA,REAL,MT4,ZMQ,EURUSD
383,2020-08-04 10:40:38.533000,2020-08-04 10:40:38.543000,2020-08-04 10:40:38.547373,10.0,4.373,14.373,1.17775,1.17788,MM,OANDA DIVISION1,REAL,MT4,ZMQ,EURUSD
384,2020-08-04 10:40:38.595000,2020-08-04 10:40:38.605000,2020-08-04 10:40:38.610887,10.0,5.887,15.887,1.17774,1.17794,MM,X-Trade Brokers DM SA,REAL,MT4,ZMQ,EURUSD
385,2020-08-04 10:40:38.664000,2020-08-04 10:40:38.674000,2020-08-04 10:40:38.678887,10.0,4.887,14.887,1.17775,1.17788,MM,OANDA DIVISION1,REAL,MT4,ZMQ,EURUSD
386,2020-08-04 10:40:38.703000,2020-08-04 10:40:38.713000,2020-08-04 10:40:38.718869,10.0,5.869,15.869,1.17773,1.17793,MM,X-Trade Brokers DM SA,REAL,MT4,ZMQ,EURUSD
387,2020-08-04 10:40:38.710000,2020-08-04 10:40:38.720000,2020-08-04 10:40:38.744849,10.0,24.849,34.849,1.17773,1.17793,MM,X-Trade Brokers DM SA,REAL,MT4,ZMQ,EURUSD
388,2020-08-04 10:40:38.756000,2020-08-04 10:40:38.766000,2020-08-04 10:40:38.770874,10.0,4.874,14.874,1.17775,1.17788,MM,OANDA DIVISION1,REAL,MT4,ZMQ,EURUSD
389,2020-08-04 10:40:38.818000,2020-08-04 10:40:38.828000,2020-08-04 10:40:38.832848,10.0,4.848,14.848,1.17773,1.17793,MM,X-Trade Brokers DM SA,REAL,MT4,ZMQ,EURUSD
390,2020-08-04 10:40:38.836000,2020-08-04 10:40:38.846000,2020-08-04 10:40:38.860873,10.0,14.873,24.873,1.17776,1.1779,MM,OANDA DIVISION1,REAL,MT4,ZMQ,EURUSD
391,2020-08-04 10:40:38.863000,2020-08-04 10:40:38.873000,2020-08-04 10:40:38.892875,10.0,19.875,29.875,1.17776,1.1779,MM,OANDA DIVISION1,REAL,MT4,ZMQ,EURUSD
392,2020-08-04 10:40:38.926000,2020-08-04 10:40:38.936000,2020-08-04 10:40:38.940391,10.0,4.391,14.391,1.17773,1.17793,MM,X-Trade Brokers DM SA,REAL,MT4,ZMQ,EURUSD
393,2020-08-04 10:40:38.975000,2020-08-04 10:40:38.985000,2020-08-04 10:40:38.989415,10.0,4.415,14.415,1.17776,1.1779,MM,OANDA DIVISION1,REAL,MT4,ZMQ,EURUSD
394,2020-08-04 10:40:39.033000,2020-08-04 10:40:39.043000,2020-08-04 10:40:39.047076,10.0,4.076,14.076,1.17773,1.17793,MM,X-Trade Brokers DM SA,REAL,MT4,ZMQ,EURUSD
395,2020-08-04 10:40:39.082000,2020-08-04 10:40:39.092000,2020-08-04 10:40:39.096052,10.0,4.052,14.052,1.17776,1.1779,MM,OANDA DIVISION1,REAL,MT4,ZMQ,EURUSD
396,2020-08-04 10:40:39.148000,2020-08-04 10:40:39.158000,2020-08-04 10:40:39.162050,10.0,4.05,14.05,1.17773,1.17793,MM,X-Trade Brokers DM SA,REAL,MT4,ZMQ,EURUSD
397,2020-08-04 10:40:39.192000,2020-08-04 10:40:39.202000,2020-08-04 10:40:39.206052,10.0,4.052,14.052,1.17776,1.1779,MM,OANDA DIVISION1,REAL,MT4,ZMQ,EURUSD
398,2020-08-04 10:40:39.256000,2020-08-04 10:40:39.266000,2020-08-04 10:40:39.270051,10.0,4.051,14.051,1.17773,1.17793,MM,X-Trade Brokers DM SA,REAL,MT4,ZMQ,EURUSD
399,2020-08-04 10:40:39.299000,2020-08-04 10:40:39.309000,2020-08-04 10:40:39.313051,10.0,4.051,14.051,1.17776,1.1779,MM,OANDA DIVISION1,REAL,MT4,ZMQ,EURUSD
400,2020-08-04 10:40:39.349000,2020-08-04 10:40:39.359000,2020-08-04 10:40:39.364051,10.0,5.051,15.051,1.17776,1.17787,MM,OANDA DIVISION1,REAL,MT4,ZMQ,EURUSD
401,2020-08-04 10:40:39.365000,2020-08-04 10:40:39.375000,2020-08-04 10:40:39.390049,10.0,15.049,25.049,1.17773,1.17793,MM,X-Trade Brokers DM SA,REAL,MT4,ZMQ,EURUSD
402,2020-08-04 10:40:39.409000,2020-08-04 10:40:39.419000,2020-08-04 10:40:39.423050,10.0,4.05,14.05,1.17776,1.17787,MM,OANDA DIVISION1,REAL,MT4,ZMQ,EURUSD
403,2020-08-04 10:40:39.472000,2020-08-04 10:40:39.482000,2020-08-04 10:40:39.486051,10.0,4.051,14.051,1.17773,1.17793,MM,X-Trade Brokers DM SA,REAL,MT4,ZMQ,EURUSD
404,2020-08-04 10:40:39.522000,2020-08-04 10:40:39.532000,2020-08-04 10:40:39.536052,10.0,4.052,14.052,1.17776,1.17787,MM,OANDA DIVISION1,REAL,MT4,ZMQ,EURUSD
405,2020-08-04 10:40:39.582000,2020-08-04 10:40:39.592000,2020-08-04 10:40:39.596051,10.0,4.051,14.051,1.17773,1.17793,MM,X-Trade Brokers DM SA,REAL,MT4,ZMQ,EURUSD
406,2020-08-04 10:40:39.630000,2020-08-04 10:40:39.640000,2020-08-04 10:40:39.644051,10.0,4.051,14.051,1.17776,1.17787,MM,OANDA DIVISION1,REAL,MT4,ZMQ,EURUSD
407,2020-08-04 10:40:39.689000,2020-08-04 10:40:39.699000,2020-08-04 10:40:39.703050,10.0,4.05,14.05,1.17773,1.17793,MM,X-Trade Brokers DM SA,REAL,MT4,ZMQ,EURUSD
408,2020-08-04 10:40:39.735000,2020-08-04 10:40:39.745000,2020-08-04 10:40:39.749050,10.0,4.05,14.05,1.17776,1.17787,MM,OANDA DIVISION1,REAL,MT4,ZMQ,EURUSD
409,2020-08-04 10:40:39.798000,2020-08-04 10:40:39.808000,2020-08-04 10:40:39.812051,10.0,4.051,14.051,1.17773,1.17793,MM,X-Trade Brokers DM SA,REAL,MT4,ZMQ,EURUSD
410,2020-08-04 10:40:39.850000,2020-08-04 10:40:39.860000,2020-08-04 10:40:39.864051,10.0,4.051,14.051,1.17776,1.17787,MM,OANDA DIVISION1,REAL,MT4,ZMQ,EURUSD
411,2020-08-04 10:40:39.912000,2020-08-04 10:40:39.922000,2020-08-04 10:40:39.926081,10.0,4.081,14.081,1.17773,1.17793,MM,X-Trade Brokers DM SA,REAL,MT4,ZMQ,EURUSD
412,2020-08-04 10:40:39.954000,2020-08-04 10:40:39.964000,2020-08-04 10:40:39.968071,10.0,4.071,14.071,1.17776,1.17787,MM,OANDA DIVISION1,REAL,MT4,ZMQ,EURUSD
413,2020-08-04 10:40:40.027000,2020-08-04 10:40:40.037000,2020-08-04 10:40:40.041051,10.0,4.051,14.051,1.17773,1.17793,MM,X-Trade Brokers DM SA,REAL,MT4,ZMQ,EURUSD
414,2020-08-04 10:40:40.065000,2020-08-04 10:40:40.075000,2020-08-04 10:40:40.079051,10.0,4.051,14.051,1.17776,1.17787,MM,OANDA DIVISION1,REAL,MT4,ZMQ,EURUSD
415,2020-08-04 10:40:40.128000,2020-08-04 10:40:40.138000,2020-08-04 10:40:40.142052,10.0,4.052,14.052,1.17773,1.17793,MM,X-Trade Brokers DM SA,REAL,MT4,ZMQ,EURUSD
416,2020-08-04 10:40:40.178000,2020-08-04 10:40:40.188000,2020-08-04 10:40:40.192052,10.0,4.052,14.052,1.17776,1.17787,MM,OANDA DIVISION1,REAL,MT4,ZMQ,EURUSD
417,2020-08-04 10:40:40.237000,2020-08-04 10:40:40.247000,2020-08-04 10:40:40.251050,10.0,4.05,14.05,1.17773,1.17793,MM,X-Trade Brokers DM SA,REAL,MT4,ZMQ,EURUSD
418,2020-08-04 10:40:40.282000,2020-08-04 10:40:40.292000,2020-08-04 10:40:40.296051,10.0,4.051,14.051,1.17776,1.17787,MM,OANDA DIVISION1,REAL,MT4,ZMQ,EURUSD
419,2020-08-04 10:40:40.346000,2020-08-04 10:40:40.356000,2020-08-04 10:40:40.360051,10.0,4.051,14.051,1.17773,1.17793,MM,X-Trade Brokers DM SA,REAL,MT4,ZMQ,EURUSD
420,2020-08-04 10:40:40.405000,2020-08-04 10:40:40.415000,2020-08-04 10:40:40.420051,10.0,5.051,15.051,1.17776,1.17787,MM,OANDA DIVISION1,REAL,MT4,ZMQ,EURUSD
421,2020-08-04 10:40:40.458000,2020-08-04 10:40:40.468000,2020-08-04 10:40:40.472051,10.0,4.051,14.051,1.17773,1.17793,MM,X-Trade Brokers DM SA,REAL,MT4,ZMQ,EURUSD
422,2020-08-04 10:40:40.504000,2020-08-04 10:40:40.514000,2020-08-04 10:40:40.518050,10.0,4.05,14.05,1.17776,1.17787,MM,OANDA DIVISION1,REAL,MT4,ZMQ,EURUSD
423,2020-08-04 10:40:40.569000,2020-08-04 10:40:40.579000,2020-08-04 10:40:40.583051,10.0,4.051,14.051,1.17773,1.17793,MM,X-Trade Brokers DM SA,REAL,MT4,ZMQ,EURUSD
424,2020-08-04 10:40:40.614000,2020-08-04 10:40:40.624000,2020-08-04 10:40:40.628051,10.0,4.051,14.051,1.17776,1.17787,MM,OANDA DIVISION1,REAL,MT4,ZMQ,EURUSD
425,2020-08-04 10:40:40.678000,2020-08-04 10:40:40.688000,2020-08-04 10:40:40.692051,10.0,4.051,14.051,1.17773,1.17793,MM,X-Trade Brokers DM SA,REAL,MT4,ZMQ,EURUSD
426,2020-08-04 10:40:40.725000,2020-08-04 10:40:40.735000,2020-08-04 10:40:40.739051,10.0,4.051,14.051,1.17776,1.17787,MM,OANDA DIVISION1,REAL,MT4,ZMQ,EURUSD
427,2020-08-04 10:40:40.864000,2020-08-04 10:40:40.874000,2020-08-04 10:40:41.208400,10.0,334.4,344.4,1.17773,1.17789,MM,Dom Maklerski Banku Ochrony Srodowiska S.A.,DEMO,MT4,ZMQ,EURUSD
428,2020-08-04 10:40:40.782000,2020-08-04 10:40:40.792000,2020-08-04 10:40:41.232398,10.0,440.398,450.398,1.17773,1.17793,MM,X-Trade Brokers DM SA,REAL,MT4,ZMQ,EURUSD
429,2020-08-04 10:40:40.829000,2020-08-04 10:40:40.839000,2020-08-04 10:40:41.258398,10.0,419.398,429.398,1.17776,1.17787,MM,OANDA DIVISION1,REAL,MT4,ZMQ,EURUSD
430,2020-08-04 10:40:40.972000,2020-08-04 10:40:40.982000,2020-08-04 10:40:41.284398,10.0,302.398,312.398,1.17773,1.17789,MM,Dom Maklerski Banku Ochrony Srodowiska S.A.,DEMO,MT4,ZMQ,EURUSD
431,2020-08-04 10:40:40.896000,2020-08-04 10:40:40.906000,2020-08-04 10:40:41.310373,10.0,404.373,414.373,1.17773,1.17793,MM,X-Trade Brokers DM SA,REAL,MT4,ZMQ,EURUSD
432,2020-08-04 10:40:40.939000,2020-08-04 10:40:40.949000,2020-08-04 10:40:41.336373,10.0,387.373,397.373,1.17776,1.17787,MM,OANDA DIVISION1,REAL,MT4,ZMQ,EURUSD
433,2020-08-04 10:40:41.081000,2020-08-04 10:40:41.091000,2020-08-04 10:40:41.363371,10.0,272.371,282.371,1.17773,1.17789,MM,Dom Maklerski Banku Ochrony Srodowiska S.A.,DEMO,MT4,ZMQ,EURUSD
434,2020-08-04 10:40:41.001000,2020-08-04 10:40:41.011000,2020-08-04 10:40:41.388396,10.0,377.396,387.396,1.17773,1.17793,MM,X-Trade Brokers DM SA,REAL,MT4,ZMQ,EURUSD
435,2020-08-04 10:40:41.052000,2020-08-04 10:40:41.062000,2020-08-04 10:40:41.415372,10.0,353.372,363.372,1.17776,1.17787,MM,OANDA DIVISION1,REAL,MT4,ZMQ,EURUSD
436,2020-08-04 10:40:41.191000,2020-08-04 10:40:41.201000,2020-08-04 10:40:41.441397,10.0,240.397,250.397,1.17773,1.17789,MM,Dom Maklerski Banku Ochrony Srodowiska S.A.,DEMO,MT4,ZMQ,EURUSD
437,2020-08-04 10:40:41.111000,2020-08-04 10:40:41.121000,2020-08-04 10:40:41.466397,10.0,345.397,355.397,1.17773,1.17793,MM,X-Trade Brokers DM SA,REAL,MT4,ZMQ,EURUSD
438,2020-08-04 10:40:41.158000,2020-08-04 10:40:41.168000,2020-08-04 10:40:41.493372,10.0,325.372,335.372,1.17776,1.17787,MM,OANDA DIVISION1,REAL,MT4,ZMQ,EURUSD
439,2020-08-04 10:40:41.238000,2020-08-04 10:40:41.248000,2020-08-04 10:40:41.519405,10.0,271.405,281.405,1.17776,1.17792,MM,Dom Maklerski Banku Ochrony Srodowiska S.A.,DEMO,MT4,ZMQ,EURUSD
440,2020-08-04 10:40:41.224000,2020-08-04 10:40:41.234000,2020-08-04 10:40:41.546406,10.0,312.406,322.406,1.17773,1.17793,MM,X-Trade Brokers DM SA,REAL,MT4,ZMQ,EURUSD
441,2020-08-04 10:40:41.267000,2020-08-04 10:40:41.277000,2020-08-04 10:40:41.572405,10.0,295.405,305.405,1.17776,1.17787,MM,OANDA DIVISION1,REAL,MT4,ZMQ,EURUSD
442,2020-08-04 10:40:41.303000,2020-08-04 10:40:41.313000,2020-08-04 10:40:41.597406,10.0,284.406,294.406,1.17776,1.17792,MM,Dom Maklerski Banku Ochrony Srodowiska S.A.,DEMO,MT4,ZMQ,EURUSD
443,2020-08-04 10:40:41.334000,2020-08-04 10:40:41.344000,2020-08-04 10:40:41.623437,10.0,279.437,289.437,1.17773,1.17793,MM,X-Trade Brokers DM SA,REAL,MT4,ZMQ,EURUSD
444,2020-08-04 10:40:41.382000,2020-08-04 10:40:41.392000,2020-08-04 10:40:41.649437,10.0,257.437,267.437,1.17776,1.17787,MM,OANDA DIVISION1,REAL,MT4,ZMQ,EURUSD
445,2020-08-04 10:40:41.407000,2020-08-04 10:40:41.417000,2020-08-04 10:40:41.675407,10.0,258.407,268.407,1.17776,1.17792,MM,Dom Maklerski Banku Ochrony Srodowiska S.A.,DEMO,MT4,ZMQ,EURUSD
446,2020-08-04 10:40:41.440000,2020-08-04 10:40:41.450000,2020-08-04 10:40:41.700437,10.0,250.437,260.437,1.17773,1.17793,MM,X-Trade Brokers DM SA,REAL,MT4,ZMQ,EURUSD
447,2020-08-04 10:40:41.487000,2020-08-04 10:40:41.497000,2020-08-04 10:40:41.727405,10.0,230.405,240.405,1.17776,1.17787,MM,OANDA DIVISION1,REAL,MT4,ZMQ,EURUSD
448,2020-08-04 10:40:41.522000,2020-08-04 10:40:41.532000,2020-08-04 10:40:41.752405,10.0,220.405,230.405,1.17776,1.17792,MM,Dom Maklerski Banku Ochrony Srodowiska S.A.,DEMO,MT4,ZMQ,EURUSD
449,2020-08-04 10:40:41.551000,2020-08-04 10:40:41.561000,2020-08-04 10:40:41.780406,10.0,219.406,229.406,1.17773,1.17793,MM,X-Trade Brokers DM SA,REAL,MT4,ZMQ,EURUSD
450,2020-08-04 10:40:41.596000,2020-08-04 10:40:41.606000,2020-08-04 10:40:41.806439,10.0,200.439,210.439,1.17776,1.17787,MM,OANDA DIVISION1,REAL,MT4,ZMQ,EURUSD
451,2020-08-04 10:40:41.628000,2020-08-04 10:40:41.638000,2020-08-04 10:40:41.832407,10.0,194.407,204.407,1.17776,1.17792,MM,Dom Maklerski Banku Ochrony Srodowiska S.A.,DEMO,MT4,ZMQ,EURUSD
452,2020-08-04 10:40:41.657000,2020-08-04 10:40:41.667000,2020-08-04 10:40:41.857437,10.0,190.437,200.437,1.17773,1.17793,MM,X-Trade Brokers DM SA,REAL,MT4,ZMQ,EURUSD
453,2020-08-04 10:40:41.710000,2020-08-04 10:40:41.720000,2020-08-04 10:40:41.884406,10.0,164.406,174.406,1.17776,1.17789,MM,OANDA DIVISION1,REAL,MT4,ZMQ,EURUSD
454,2020-08-04 10:40:41.741000,2020-08-04 10:40:41.751000,2020-08-04 10:40:41.910405,10.0,159.405,169.405,1.17776,1.17792,MM,Dom Maklerski Banku Ochrony Srodowiska S.A.,DEMO,MT4,ZMQ,EURUSD
455,2020-08-04 10:40:41.778000,2020-08-04 10:40:41.788000,2020-08-04 10:40:41.936409,10.0,148.409,158.409,1.17773,1.17793,MM,X-Trade Brokers DM SA,REAL,MT4,ZMQ,EURUSD
456,2020-08-04 10:40:41.718000,2020-08-04 10:40:41.728000,2020-08-04 10:40:41.961435,10.0,233.435,243.435,1.17776,1.17789,MM,OANDA DIVISION1,REAL,MT4,ZMQ,EURUSD
457,2020-08-04 10:40:41.849000,2020-08-04 10:40:41.859000,2020-08-04 10:40:41.987432,10.0,128.432,138.432,1.17776,1.17792,MM,Dom Maklerski Banku Ochrony Srodowiska S.A.,DEMO,MT4,ZMQ,EURUSD
458,2020-08-04 10:40:41.882000,2020-08-04 10:40:41.892000,2020-08-04 10:40:42.013437,10.0,121.437,131.437,1.17773,1.17793,MM,X-Trade Brokers DM SA,REAL,MT4,ZMQ,EURUSD
459,2020-08-04 10:40:41.818000,2020-08-04 10:40:41.828000,2020-08-04 10:40:42.039406,10.0,211.406,221.406,1.17776,1.17789,MM,OANDA DIVISION1,REAL,MT4,ZMQ,EURUSD
460,2020-08-04 10:40:41.960000,2020-08-04 10:40:41.970000,2020-08-04 10:40:42.065437,10.0,95.437,105.437,1.17776,1.17792,MM,Dom Maklerski Banku Ochrony Srodowiska S.A.,DEMO,MT4,ZMQ,EURUSD
461,2020-08-04 10:40:41.987000,2020-08-04 10:40:41.997000,2020-08-04 10:40:42.091435,10.0,94.435,104.435,1.17773,1.17793,MM,X-Trade Brokers DM SA,REAL,MT4,ZMQ,EURUSD
462,2020-08-04 10:40:41.925000,2020-08-04 10:40:41.935000,2020-08-04 10:40:42.117430,10.0,182.43,192.43,1.17776,1.17789,MM,OANDA DIVISION1,REAL,MT4,ZMQ,EURUSD
463,2020-08-04 10:40:42.065000,2020-08-04 10:40:42.075000,2020-08-04 10:40:42.143431,10.0,68.431,78.431,1.17776,1.17792,MM,Dom Maklerski Banku Ochrony Srodowiska S.A.,DEMO,MT4,ZMQ,EURUSD
464,2020-08-04 10:40:42.100000,2020-08-04 10:40:42.110000,2020-08-04 10:40:42.169406,10.0,59.406,69.406,1.17773,1.17793,MM,X-Trade Brokers DM SA,REAL,MT4,ZMQ,EURUSD
465,2020-08-04 10:40:42.032000,2020-08-04 10:40:42.042000,2020-08-04 10:40:42.195437,10.0,153.437,163.437,1.17776,1.17789,MM,OANDA DIVISION1,REAL,MT4,ZMQ,EURUSD
466,2020-08-04 10:40:42.177000,2020-08-04 10:40:42.187000,2020-08-04 10:40:42.221405,10.0,34.405,44.405,1.17776,1.17792,MM,Dom Maklerski Banku Ochrony Srodowiska S.A.,DEMO,MT4,ZMQ,EURUSD
467,2020-08-04 10:40:42.207000,2020-08-04 10:40:42.217000,2020-08-04 10:40:42.247406,10.0,30.406,40.406,1.17773,1.17793,MM,X-Trade Brokers DM SA,REAL,MT4,ZMQ,EURUSD
468,2020-08-04 10:40:42.152000,2020-08-04 10:40:42.162000,2020-08-04 10:40:42.274405,10.0,112.405,122.405,1.17776,1.17789,MM,OANDA DIVISION1,REAL,MT4,ZMQ,EURUSD
469,2020-08-04 10:40:42.286000,2020-08-04 10:40:42.296000,2020-08-04 10:40:42.305430,10.0,9.43,19.43,1.17776,1.17792,MM,Dom Maklerski Banku Ochrony Srodowiska S.A.,DEMO,MT4,ZMQ,EURUSD
470,2020-08-04 10:40:42.256000,2020-08-04 10:40:42.266000,2020-08-04 10:40:42.332406,10.0,66.406,76.406,1.17776,1.17789,MM,OANDA DIVISION1,REAL,MT4,ZMQ,EURUSD
471,2020-08-04 10:40:42.319000,2020-08-04 10:40:42.329000,2020-08-04 10:40:42.359406,10.0,30.406,40.406,1.17773,1.17793,MM,X-Trade Brokers DM SA,REAL,MT4,ZMQ,EURUSD
472,2020-08-04 10:40:42.364000,2020-08-04 10:40:42.374000,2020-08-04 10:40:42.386405,10.0,12.405,22.405,1.17776,1.17789,MM,OANDA DIVISION1,REAL,MT4,ZMQ,EURUSD
473,2020-08-04 10:40:42.393000,2020-08-04 10:40:42.403000,2020-08-04 10:40:42.414405,10.0,11.405,21.405,1.17776,1.17792,MM,Dom Maklerski Banku Ochrony Srodowiska S.A.,DEMO,MT4,ZMQ,EURUSD
474,2020-08-04 10:40:42.426000,2020-08-04 10:40:42.436000,2020-08-04 10:40:42.444406,10.0,8.406,18.406,1.17773,1.17793,MM,X-Trade Brokers DM SA,REAL,MT4,ZMQ,EURUSD
475,2020-08-04 10:40:42.471000,2020-08-04 10:40:42.481000,2020-08-04 10:40:42.485406,10.0,4.406,14.406,1.17776,1.17789,MM,OANDA DIVISION1,REAL,MT4,ZMQ,EURUSD
476,2020-08-04 10:40:42.504000,2020-08-04 10:40:42.514000,2020-08-04 10:40:42.518405,10.0,4.405,14.405,1.17776,1.17792,MM,Dom Maklerski Banku Ochrony Srodowiska S.A.,DEMO,MT4,ZMQ,EURUSD
477,2020-08-04 10:40:42.507000,2020-08-04 10:40:42.517000,2020-08-04 10:40:42.545406,10.0,28.406,38.406,1.17776,1.17787,MM,OANDA DIVISION1,REAL,MT4,ZMQ,EURUSD
478,2020-08-04 10:40:42.534000,2020-08-04 10:40:42.544000,2020-08-04 10:40:42.572405,10.0,28.405,38.405,1.17773,1.17793,MM,X-Trade Brokers DM SA,REAL,MT4,ZMQ,EURUSD
479,2020-08-04 10:40:42.583000,2020-08-04 10:40:42.593000,2020-08-04 10:40:42.599406,10.0,6.406,16.406,1.17776,1.17787,MM,OANDA DIVISION1,REAL,MT4,ZMQ,EURUSD
480,2020-08-04 10:40:42.613000,2020-08-04 10:40:42.623000,2020-08-04 10:40:42.628405,10.0,5.405,15.405,1.17776,1.17792,MM,Dom Maklerski Banku Ochrony Srodowiska S.A.,DEMO,MT4,ZMQ,EURUSD
481,2020-08-04 10:40:42.646000,2020-08-04 10:40:42.656000,2020-08-04 10:40:42.660405,10.0,4.405,14.405,1.17773,1.17793,MM,X-Trade Brokers DM SA,REAL,MT4,ZMQ,EURUSD
482,2020-08-04 10:40:42.690000,2020-08-04 10:40:42.700000,2020-08-04 10:40:42.704405,10.0,4.405,14.405,1.17776,1.17787,MM,OANDA DIVISION1,REAL,MT4,ZMQ,EURUSD
483,2020-08-04 10:40:42.724000,2020-08-04 10:40:42.734000,2020-08-04 10:40:42.738405,10.0,4.405,14.405,1.17776,1.17792,MM,Dom Maklerski Banku Ochrony Srodowiska S.A.,DEMO,MT4,ZMQ,EURUSD
484,2020-08-04 10:40:42.754000,2020-08-04 10:40:42.764000,2020-08-04 10:40:42.768405,10.0,4.405,14.405,1.17773,1.17793,MM,X-Trade Brokers DM SA,REAL,MT4,ZMQ,EURUSD
485,2020-08-04 10:40:42.799000,2020-08-04 10:40:42.809000,2020-08-04 10:40:42.813405,10.0,4.405,14.405,1.17776,1.17787,MM,OANDA DIVISION1,REAL,MT4,ZMQ,EURUSD
486,2020-08-04 10:40:42.833000,2020-08-04 10:40:42.843000,2020-08-04 10:40:42.847406,10.0,4.406,14.406,1.17776,1.17792,MM,Dom Maklerski Banku Ochrony Srodowiska S.A.,DEMO,MT4,ZMQ,EURUSD
487,2020-08-04 10:40:42.866000,2020-08-04 10:40:42.876000,2020-08-04 10:40:42.880405,10.0,4.405,14.405,1.17773,1.17793,MM,X-Trade Brokers DM SA,REAL,MT4,ZMQ,EURUSD
488,2020-08-04 10:40:42.912000,2020-08-04 10:40:42.922000,2020-08-04 10:40:42.926407,10.0,4.407,14.407,1.17776,1.17787,MM,OANDA DIVISION1,REAL,MT4,ZMQ,EURUSD
489,2020-08-04 10:40:42.942000,2020-08-04 10:40:42.952000,2020-08-04 10:40:42.957407,10.0,5.407,15.407,1.17776,1.17792,MM,Dom Maklerski Banku Ochrony Srodowiska S.A.,DEMO,MT4,ZMQ,EURUSD
490,2020-08-04 10:40:42.969000,2020-08-04 10:40:42.979000,2020-08-04 10:40:42.984407,10.0,5.407,15.407,1.17773,1.17793,MM,X-Trade Brokers DM SA,REAL,MT4,ZMQ,EURUSD
491,2020-08-04 10:40:43.022000,2020-08-04 10:40:43.032000,2020-08-04 10:40:43.036406,10.0,4.406,14.406,1.17776,1.17787,MM,OANDA DIVISION1,REAL,MT4,ZMQ,EURUSD
492,2020-08-04 10:40:43.049000,2020-08-04 10:40:43.059000,2020-08-04 10:40:43.063406,10.0,4.406,14.406,1.17776,1.17792,MM,Dom Maklerski Banku Ochrony Srodowiska S.A.,DEMO,MT4,ZMQ,EURUSD
493,2020-08-04 10:40:43.081000,2020-08-04 10:40:43.091000,2020-08-04 10:40:43.095406,10.0,4.406,14.406,1.17773,1.17793,MM,X-Trade Brokers DM SA,REAL,MT4,ZMQ,EURUSD
494,2020-08-04 10:40:43.126000,2020-08-04 10:40:43.136000,2020-08-04 10:40:43.140406,10.0,4.406,14.406,1.17776,1.17787,MM,OANDA DIVISION1,REAL,MT4,ZMQ,EURUSD
495,2020-08-04 10:40:43.166000,2020-08-04 10:40:43.176000,2020-08-04 10:40:43.180409,10.0,4.409,14.409,1.17776,1.17792,MM,Dom Maklerski Banku Ochrony Srodowiska S.A.,DEMO,MT4,ZMQ,EURUSD
496,2020-08-04 10:40:43.179000,2020-08-04 10:40:43.189000,2020-08-04 10:40:43.208406,10.0,19.406,29.406,1.17776,1.17789,MM,OANDA DIVISION1,REAL,MT4,ZMQ,EURUSD
497,2020-08-04 10:40:43.193000,2020-08-04 10:40:43.203000,2020-08-04 10:40:43.235406,10.0,32.406,42.406,1.17773,1.17793,MM,X-Trade Brokers DM SA,REAL,MT4,ZMQ,EURUSD
498,2020-08-04 10:40:43.235000,2020-08-04 10:40:43.245000,2020-08-04 10:40:43.262405,10.0,17.405,27.405,1.17776,1.17789,MM,OANDA DIVISION1,REAL,MT4,ZMQ,EURUSD
499,2020-08-04 10:40:43.269000,2020-08-04 10:40:43.279000,2020-08-04 10:40:43.289426,10.0,10.426,20.426,1.17776,1.17792,MM,Dom Maklerski Banku Ochrony Srodowiska S.A.,DEMO,MT4,ZMQ,EURUSD
500,2020-08-04 10:40:43.303000,2020-08-04 10:40:43.313000,2020-08-04 10:40:43.323431,10.0,10.431,20.431,1.17773,1.17793,MM,X-Trade Brokers DM SA,REAL,MT4,ZMQ,EURUSD
501,2020-08-04 10:40:43.346000,2020-08-04 10:40:43.356000,2020-08-04 10:40:43.360431,10.0,4.431,14.431,1.17776,1.17789,MM,OANDA DIVISION1,REAL,MT4,ZMQ,EURUSD
502,2020-08-04 10:40:43.379000,2020-08-04 10:40:43.389000,2020-08-04 10:40:43.393407,10.0,4.407,14.407,1.17776,1.17792,MM,Dom Maklerski Banku Ochrony Srodowiska S.A.,DEMO,MT4,ZMQ,EURUSD
503,2020-08-04 10:40:43.408000,2020-08-04 10:40:43.418000,2020-08-04 10:40:43.422405,10.0,4.405,14.405,1.17773,1.17793,MM,X-Trade Brokers DM SA,REAL,MT4,ZMQ,EURUSD
504,2020-08-04 10:40:43.458000,2020-08-04 10:40:43.468000,2020-08-04 10:40:43.472407,10.0,4.407,14.407,1.17776,1.17789,MM,OANDA DIVISION1,REAL,MT4,ZMQ,EURUSD
505,2020-08-04 10:40:43.486000,2020-08-04 10:40:43.496000,2020-08-04 10:40:43.500431,10.0,4.431,14.431,1.17776,1.17792,MM,Dom Maklerski Banku Ochrony Srodowiska S.A.,DEMO,MT4,ZMQ,EURUSD
506,2020-08-04 10:40:43.529000,2020-08-04 10:40:43.539000,2020-08-04 10:40:43.543437,10.0,4.437,14.437,1.17773,1.17793,MM,X-Trade Brokers DM SA,REAL,MT4,ZMQ,EURUSD
507,2020-08-04 10:40:43.563000,2020-08-04 10:40:43.573000,2020-08-04 10:40:43.577437,10.0,4.437,14.437,1.17776,1.17789,MM,OANDA DIVISION1,REAL,MT4,ZMQ,EURUSD
508,2020-08-04 10:40:43.597000,2020-08-04 10:40:43.607000,2020-08-04 10:40:43.611407,10.0,4.407,14.407,1.17776,1.17792,MM,Dom Maklerski Banku Ochrony Srodowiska S.A.,DEMO,MT4,ZMQ,EURUSD
509,2020-08-04 10:40:43.631000,2020-08-04 10:40:43.641000,2020-08-04 10:40:43.645407,10.0,4.407,14.407,1.17773,1.17793,MM,X-Trade Brokers DM SA,REAL,MT4,ZMQ,EURUSD
510,2020-08-04 10:40:43.676000,2020-08-04 10:40:43.686000,2020-08-04 10:40:43.690406,10.0,4.406,14.406,1.17776,1.17789,MM,OANDA DIVISION1,REAL,MT4,ZMQ,EURUSD
511,2020-08-04 10:40:43.710000,2020-08-04 10:40:43.720000,2020-08-04 10:40:43.724431,10.0,4.431,14.431,1.17776,1.17792,MM,Dom Maklerski Banku Ochrony Srodowiska S.A.,DEMO,MT4,ZMQ,EURUSD
512,2020-08-04 10:40:43.742000,2020-08-04 10:40:43.752000,2020-08-04 10:40:43.756430,10.0,4.43,14.43,1.17773,1.17793,MM,X-Trade Brokers DM SA,REAL,MT4,ZMQ,EURUSD
513,2020-08-04 10:40:43.788000,2020-08-04 10:40:43.798000,2020-08-04 10:40:43.802405,10.0,4.405,14.405,1.17776,1.17789,MM,OANDA DIVISION1,REAL,MT4,ZMQ,EURUSD
514,2020-08-04 10:40:43.818000,2020-08-04 10:40:43.828000,2020-08-04 10:40:43.832406,10.0,4.406,14.406,1.17776,1.17792,MM,Dom Maklerski Banku Ochrony Srodowiska S.A.,DEMO,MT4,ZMQ,EURUSD
515,2020-08-04 10:40:43.844000,2020-08-04 10:40:43.854000,2020-08-04 10:40:43.860405,10.0,6.405,16.405,1.17773,1.17793,MM,X-Trade Brokers DM SA,REAL,MT4,ZMQ,EURUSD
516,2020-08-04 10:40:43.908000,2020-08-04 10:40:43.918000,2020-08-04 10:40:43.923405,10.0,5.405,15.405,1.17776,1.17789,MM,OANDA DIVISION1,REAL,MT4,ZMQ,EURUSD
517,2020-08-04 10:40:43.926000,2020-08-04 10:40:43.936000,2020-08-04 10:40:43.950405,10.0,14.405,24.405,1.17776,1.17792,MM,Dom Maklerski Banku Ochrony Srodowiska S.A.,DEMO,MT4,ZMQ,EURUSD
518,2020-08-04 10:40:43.959000,2020-08-04 10:40:43.969000,2020-08-04 10:40:43.976405,10.0,7.405,17.405,1.17773,1.17793,MM,X-Trade Brokers DM SA,REAL,MT4,ZMQ,EURUSD
519,2020-08-04 10:40:44.003000,2020-08-04 10:40:44.013000,2020-08-04 10:40:44.017405,10.0,4.405,14.405,1.17776,1.17789,MM,OANDA DIVISION1,REAL,MT4,ZMQ,EURUSD
520,2020-08-04 10:40:44.034000,2020-08-04 10:40:44.044000,2020-08-04 10:40:44.048405,10.0,4.405,14.405,1.17776,1.17792,MM,Dom Maklerski Banku Ochrony Srodowiska S.A.,DEMO,MT4,ZMQ,EURUSD
521,2020-08-04 10:40:44.066000,2020-08-04 10:40:44.076000,2020-08-04 10:40:44.080405,10.0,4.405,14.405,1.17773,1.17793,MM,X-Trade Brokers DM SA,REAL,MT4,ZMQ,EURUSD
522,2020-08-04 10:40:44.092000,2020-08-04 10:40:44.102000,2020-08-04 10:40:44.106405,10.0,4.405,14.405,1.17774,1.17794,MM,X-Trade Brokers DM SA,REAL,MT4,ZMQ,EURUSD
523,2020-08-04 10:40:44.110000,2020-08-04 10:40:44.120000,2020-08-04 10:40:44.132405,10.0,12.405,22.405,1.17776,1.17789,MM,OANDA DIVISION1,REAL,MT4,ZMQ,EURUSD
524,2020-08-04 10:40:44.143000,2020-08-04 10:40:44.153000,2020-08-04 10:40:44.158406,10.0,5.406,15.406,1.17776,1.17792,MM,Dom Maklerski Banku Ochrony Srodowiska S.A.,DEMO,MT4,ZMQ,EURUSD
525,2020-08-04 10:40:44.178000,2020-08-04 10:40:44.188000,2020-08-04 10:40:44.192405,10.0,4.405,14.405,1.17774,1.17794,MM,X-Trade Brokers DM SA,REAL,MT4,ZMQ,EURUSD
526,2020-08-04 10:40:44.193000,2020-08-04 10:40:44.203000,2020-08-04 10:40:44.218405,10.0,15.405,25.405,1.17777,1.17791,MM,OANDA DIVISION1,REAL,MT4,ZMQ,EURUSD
527,2020-08-04 10:40:44.221000,2020-08-04 10:40:44.231000,2020-08-04 10:40:44.244405,10.0,13.405,23.405,1.17777,1.17791,MM,OANDA DIVISION1,REAL,MT4,ZMQ,EURUSD
528,2020-08-04 10:40:44.255000,2020-08-04 10:40:44.265000,2020-08-04 10:40:44.272405,10.0,7.405,17.405,1.17776,1.17792,MM,Dom Maklerski Banku Ochrony Srodowiska S.A.,DEMO,MT4,ZMQ,EURUSD
529,2020-08-04 10:40:44.287000,2020-08-04 10:40:44.297000,2020-08-04 10:40:44.301406,10.0,4.406,14.406,1.17774,1.17794,MM,X-Trade Brokers DM SA,REAL,MT4,ZMQ,EURUSD
530,2020-08-04 10:40:44.329000,2020-08-04 10:40:44.339000,2020-08-04 10:40:44.343406,10.0,4.406,14.406,1.17777,1.17791,MM,OANDA DIVISION1,REAL,MT4,ZMQ,EURUSD
531,2020-08-04 10:40:44.366000,2020-08-04 10:40:44.376000,2020-08-04 10:40:44.380407,10.0,4.407,14.407,1.17776,1.17792,MM,Dom Maklerski Banku Ochrony Srodowiska S.A.,DEMO,MT4,ZMQ,EURUSD
532,2020-08-04 10:40:44.368000,2020-08-04 10:40:44.378000,2020-08-04 10:40:44.407407,10.0,29.407,39.407,1.17778,1.17792,MM,OANDA DIVISION1,REAL,MT4,ZMQ,EURUSD
533,2020-08-04 10:40:44.397000,2020-08-04 10:40:44.407000,2020-08-04 10:40:44.434405,10.0,27.405,37.405,1.17774,1.17794,MM,X-Trade Brokers DM SA,REAL,MT4,ZMQ,EURUSD
534,2020-08-04 10:40:44.429000,2020-08-04 10:40:44.439000,2020-08-04 10:40:44.460431,10.0,21.431,31.431,1.17777,1.17791,MM,OANDA DIVISION1,REAL,MT4,ZMQ,EURUSD
535,2020-08-04 10:40:44.441000,2020-08-04 10:40:44.451000,2020-08-04 10:40:44.486408,10.0,35.408,45.408,1.17777,1.17791,MM,OANDA DIVISION1,REAL,MT4,ZMQ,EURUSD
536,2020-08-04 10:40:44.472000,2020-08-04 10:40:44.482000,2020-08-04 10:40:44.512405,10.0,30.405,40.405,1.17776,1.17792,MM,Dom Maklerski Banku Ochrony Srodowiska S.A.,DEMO,MT4,ZMQ,EURUSD
537,2020-08-04 10:40:44.501000,2020-08-04 10:40:44.511000,2020-08-04 10:40:44.538408,10.0,27.408,37.408,1.17774,1.17794,MM,X-Trade Brokers DM SA,REAL,MT4,ZMQ,EURUSD
538,2020-08-04 10:40:44.547000,2020-08-04 10:40:44.557000,2020-08-04 10:40:44.566407,10.0,9.407,19.407,1.17777,1.17791,MM,OANDA DIVISION1,REAL,MT4,ZMQ,EURUSD
539,2020-08-04 10:40:44.581000,2020-08-04 10:40:44.591000,2020-08-04 10:40:44.595437,10.0,4.437,14.437,1.17776,1.17792,MM,Dom Maklerski Banku Ochrony Srodowiska S.A.,DEMO,MT4,ZMQ,EURUSD
540,2020-08-04 10:40:44.615000,2020-08-04 10:40:44.625000,2020-08-04 10:40:44.629407,10.0,4.407,14.407,1.17774,1.17794,MM,X-Trade Brokers DM SA,REAL,MT4,ZMQ,EURUSD
541,2020-08-04 10:40:44.660000,2020-08-04 10:40:44.670000,2020-08-04 10:40:44.674435,10.0,4.435,14.435,1.17777,1.17791,MM,OANDA DIVISION1,REAL,MT4,ZMQ,EURUSD
542,2020-08-04 10:40:44.689000,2020-08-04 10:40:44.699000,2020-08-04 10:40:44.703431,10.0,4.431,14.431,1.17776,1.17792,MM,Dom Maklerski Banku Ochrony Srodowiska S.A.,DEMO,MT4,ZMQ,EURUSD
543,2020-08-04 10:40:44.723000,2020-08-04 10:40:44.733000,2020-08-04 10:40:44.737437,10.0,4.437,14.437,1.17774,1.17794,MM,X-Trade Brokers DM SA,REAL,MT4,ZMQ,EURUSD
544,2020-08-04 10:40:44.766000,2020-08-04 10:40:44.776000,2020-08-04 10:40:44.780432,10.0,4.432,14.432,1.17777,1.17791,MM,OANDA DIVISION1,REAL,MT4,ZMQ,EURUSD
545,2020-08-04 10:40:44.798000,2020-08-04 10:40:44.808000,2020-08-04 10:40:44.812437,10.0,4.437,14.437,1.17776,1.17792,MM,Dom Maklerski Banku Ochrony Srodowiska S.A.,DEMO,MT4,ZMQ,EURUSD
546,2020-08-04 10:40:44.831000,2020-08-04 10:40:44.841000,2020-08-04 10:40:44.845405,10.0,4.405,14.405,1.17774,1.17794,MM,X-Trade Brokers DM SA,REAL,MT4,ZMQ,EURUSD
547,2020-08-04 10:40:44.876000,2020-08-04 10:40:44.886000,2020-08-04 10:40:44.890406,10.0,4.406,14.406,1.17777,1.17791,MM,OANDA DIVISION1,REAL,MT4,ZMQ,EURUSD
548,2020-08-04 10:40:44.914000,2020-08-04 10:40:44.924000,2020-08-04 10:40:44.929407,10.0,5.407,15.407,1.17776,1.17792,MM,Dom Maklerski Banku Ochrony Srodowiska S.A.,DEMO,MT4,ZMQ,EURUSD
549,2020-08-04 10:40:44.941000,2020-08-04 10:40:44.951000,2020-08-04 10:40:44.956405,10.0,5.405,15.405,1.17774,1.17794,MM,X-Trade Brokers DM SA,REAL,MT4,ZMQ,EURUSD
550,2020-08-04 10:40:44.987000,2020-08-04 10:40:44.997000,2020-08-04 10:40:45.001406,10.0,4.406,14.406,1.17777,1.17791,MM,OANDA DIVISION1,REAL,MT4,ZMQ,EURUSD
551,2020-08-04 10:40:45.010000,2020-08-04 10:40:45.020000,2020-08-04 10:40:45.031405,10.0,11.405,21.405,1.17776,1.17788,MM,OANDA DIVISION1,REAL,MT4,ZMQ,EURUSD
552,2020-08-04 10:40:44.987000,2020-08-04 10:40:44.997000,2020-08-04 10:40:45.062406,10.0,65.406,75.406,1.17773,1.17793,MM,X-Trade Brokers DM SA,REAL,MT4,ZMQ,EURUSD
553,2020-08-04 10:40:45.026000,2020-08-04 10:40:45.036000,2020-08-04 10:40:45.091405,10.0,55.405,65.405,1.17776,1.17792,MM,Dom Maklerski Banku Ochrony Srodowiska S.A.,DEMO,MT4,ZMQ,EURUSD
554,2020-08-04 10:40:45.052000,2020-08-04 10:40:45.062000,2020-08-04 10:40:45.119405,10.0,57.405,67.405,1.17773,1.17793,MM,X-Trade Brokers DM SA,REAL,MT4,ZMQ,EURUSD
555,2020-08-04 10:40:45.071000,2020-08-04 10:40:45.081000,2020-08-04 10:40:45.147407,10.0,66.407,76.407,1.17771,1.17787,MM,Dom Maklerski Banku Ochrony Srodowiska S.A.,DEMO,MT4,ZMQ,EURUSD
556,2020-08-04 10:40:45.158000,2020-08-04 10:40:45.168000,2020-08-04 10:40:45.175407,10.0,7.407,17.407,1.17773,1.17793,MM,X-Trade Brokers DM SA,REAL,MT4,ZMQ,EURUSD
557,2020-08-04 10:40:45.131000,2020-08-04 10:40:45.141000,2020-08-04 10:40:45.202406,10.0,61.406,71.406,1.17771,1.17787,MM,Dom Maklerski Banku Ochrony Srodowiska S.A.,DEMO,MT4,ZMQ,EURUSD
558,2020-08-04 10:40:45.097000,2020-08-04 10:40:45.107000,2020-08-04 10:40:45.228405,10.0,121.405,131.405,1.17776,1.17788,MM,OANDA DIVISION1,REAL,MT4,ZMQ,EURUSD
559,2020-08-04 10:40:45.166000,2020-08-04 10:40:45.176000,2020-08-04 10:40:45.253406,10.0,77.406,87.406,1.17775,1.17788,MM,OANDA DIVISION1,REAL,MT4,ZMQ,EURUSD
560,2020-08-04 10:40:45.210000,2020-08-04 10:40:45.220000,2020-08-04 10:40:45.279406,10.0,59.406,69.406,1.17775,1.17788,MM,OANDA DIVISION1,REAL,MT4,ZMQ,EURUSD
561,2020-08-04 10:40:45.236000,2020-08-04 10:40:45.246000,2020-08-04 10:40:45.306407,10.0,60.407,70.407,1.17771,1.17787,MM,Dom Maklerski Banku Ochrony Srodowiska S.A.,DEMO,MT4,ZMQ,EURUSD
562,2020-08-04 10:40:45.286000,2020-08-04 10:40:45.296000,2020-08-04 10:40:45.332406,10.0,36.406,46.406,1.17773,1.17793,MM,X-Trade Brokers DM SA,REAL,MT4,ZMQ,EURUSD
563,2020-08-04 10:40:45.336000,2020-08-04 10:40:45.346000,2020-08-04 10:40:45.359405,10.0,13.405,23.405,1.17777,1.17793,MM,Dom Maklerski Banku Ochrony Srodowiska S.A.,DEMO,MT4,ZMQ,EURUSD
564,2020-08-04 10:40:45.348000,2020-08-04 10:40:45.358000,2020-08-04 10:40:45.386407,10.0,28.407,38.407,1.17777,1.17793,MM,Dom Maklerski Banku Ochrony Srodowiska S.A.,DEMO,MT4,ZMQ,EURUSD
565,2020-08-04 10:40:45.315000,2020-08-04 10:40:45.325000,2020-08-04 10:40:45.412919,10.0,87.919,97.919,1.17775,1.17788,MM,OANDA DIVISION1,REAL,MT4,ZMQ,EURUSD
566,2020-08-04 10:40:45.376000,2020-08-04 10:40:45.386000,2020-08-04 10:40:45.438921,10.0,52.921,62.921,1.17773,1.17793,MM,X-Trade Brokers DM SA,REAL,MT4,ZMQ,EURUSD
567,2020-08-04 10:40:45.427000,2020-08-04 10:40:45.437000,2020-08-04 10:40:45.463919,10.0,26.919,36.919,1.17775,1.17788,MM,OANDA DIVISION1,REAL,MT4,ZMQ,EURUSD
568,2020-08-04 10:40:45.452000,2020-08-04 10:40:45.462000,2020-08-04 10:40:45.489944,10.0,27.944,37.944,1.17772,1.17792,MM,X-Trade Brokers DM SA,REAL,MT4,ZMQ,EURUSD
569,2020-08-04 10:40:45.484000,2020-08-04 10:40:45.494000,2020-08-04 10:40:45.515944,10.0,21.944,31.944,1.17772,1.17792,MM,X-Trade Brokers DM SA,REAL,MT4,ZMQ,EURUSD
570,2020-08-04 10:40:45.463000,2020-08-04 10:40:45.473000,2020-08-04 10:40:45.541945,10.0,68.945,78.945,1.17777,1.17793,MM,Dom Maklerski Banku Ochrony Srodowiska S.A.,DEMO,MT4,ZMQ,EURUSD
571,2020-08-04 10:40:45.531000,2020-08-04 10:40:45.541000,2020-08-04 10:40:45.567946,10.0,26.946,36.946,1.17775,1.17788,MM,OANDA DIVISION1,REAL,MT4,ZMQ,EURUSD
572,2020-08-04 10:40:45.564000,2020-08-04 10:40:45.574000,2020-08-04 10:40:45.593921,10.0,19.921,29.921,1.17777,1.17793,MM,Dom Maklerski Banku Ochrony Srodowiska S.A.,DEMO,MT4,ZMQ,EURUSD
573,2020-08-04 10:40:45.598000,2020-08-04 10:40:45.608000,2020-08-04 10:40:45.621945,10.0,13.945,23.945,1.17772,1.17792,MM,X-Trade Brokers DM SA,REAL,MT4,ZMQ,EURUSD
574,2020-08-04 10:40:45.655000,2020-08-04 10:40:45.665000,2020-08-04 10:40:45.669920,10.0,4.92,14.92,1.17775,1.17788,MM,OANDA DIVISION1,REAL,MT4,ZMQ,EURUSD
575,2020-08-04 10:40:45.677000,2020-08-04 10:40:45.687000,2020-08-04 10:40:45.696920,10.0,9.92,19.92,1.17777,1.17793,MM,Dom Maklerski Banku Ochrony Srodowiska S.A.,DEMO,MT4,ZMQ,EURUSD
576,2020-08-04 10:40:45.707000,2020-08-04 10:40:45.717000,2020-08-04 10:40:45.722920,10.0,5.92,15.92,1.17772,1.17792,MM,X-Trade Brokers DM SA,REAL,MT4,ZMQ,EURUSD
577,2020-08-04 10:40:45.750000,2020-08-04 10:40:45.760000,2020-08-04 10:40:45.764920,10.0,4.92,14.92,1.17775,1.17788,MM,OANDA DIVISION1,REAL,MT4,ZMQ,EURUSD
578,2020-08-04 10:40:45.785000,2020-08-04 10:40:45.795000,2020-08-04 10:40:45.799919,10.0,4.919,14.919,1.17777,1.17793,MM,Dom Maklerski Banku Ochrony Srodowiska S.A.,DEMO,MT4,ZMQ,EURUSD
579,2020-08-04 10:40:45.814000,2020-08-04 10:40:45.824000,2020-08-04 10:40:45.828919,10.0,4.919,14.919,1.17772,1.17792,MM,X-Trade Brokers DM SA,REAL,MT4,ZMQ,EURUSD
580,2020-08-04 10:40:45.861000,2020-08-04 10:40:45.871000,2020-08-04 10:40:45.875919,10.0,4.919,14.919,1.17775,1.17788,MM,OANDA DIVISION1,REAL,MT4,ZMQ,EURUSD
581,2020-08-04 10:40:45.894000,2020-08-04 10:40:45.904000,2020-08-04 10:40:45.908919,10.0,4.919,14.919,1.17777,1.17793,MM,Dom Maklerski Banku Ochrony Srodowiska S.A.,DEMO,MT4,ZMQ,EURUSD
582,2020-08-04 10:40:45.922000,2020-08-04 10:40:45.932000,2020-08-04 10:40:45.936920,10.0,4.92,14.92,1.17772,1.17792,MM,X-Trade Brokers DM SA,REAL,MT4,ZMQ,EURUSD
583,2020-08-04 10:40:45.973000,2020-08-04 10:40:45.983000,2020-08-04 10:40:45.987951,10.0,4.951,14.951,1.17775,1.17788,MM,OANDA DIVISION1,REAL,MT4,ZMQ,EURUSD
584,2020-08-04 10:40:46.001000,2020-08-04 10:40:46.011000,2020-08-04 10:40:46.015920,10.0,4.92,14.92,1.17777,1.17793,MM,Dom Maklerski Banku Ochrony Srodowiska S.A.,DEMO,MT4,ZMQ,EURUSD
585,2020-08-04 10:40:46.037000,2020-08-04 10:40:46.047000,2020-08-04 10:40:46.051919,10.0,4.919,14.919,1.17772,1.17792,MM,X-Trade Brokers DM SA,REAL,MT4,ZMQ,EURUSD
586,2020-08-04 10:40:46.081000,2020-08-04 10:40:46.091000,2020-08-04 10:40:46.095919,10.0,4.919,14.919,1.17775,1.17788,MM,OANDA DIVISION1,REAL,MT4,ZMQ,EURUSD
587,2020-08-04 10:40:46.109000,2020-08-04 10:40:46.119000,2020-08-04 10:40:46.123919,10.0,4.919,14.919,1.17777,1.17793,MM,Dom Maklerski Banku Ochrony Srodowiska S.A.,DEMO,MT4,ZMQ,EURUSD
588,2020-08-04 10:40:46.143000,2020-08-04 10:40:46.153000,2020-08-04 10:40:46.157919,10.0,4.919,14.919,1.17772,1.17792,MM,X-Trade Brokers DM SA,REAL,MT4,ZMQ,EURUSD
589,2020-08-04 10:40:46.194000,2020-08-04 10:40:46.204000,2020-08-04 10:40:46.208920,10.0,4.92,14.92,1.17775,1.17788,MM,OANDA DIVISION1,REAL,MT4,ZMQ,EURUSD
590,2020-08-04 10:40:46.219000,2020-08-04 10:40:46.229000,2020-08-04 10:40:46.236920,10.0,7.92,17.92,1.17777,1.17793,MM,Dom Maklerski Banku Ochrony Srodowiska S.A.,DEMO,MT4,ZMQ,EURUSD
591,2020-08-04 10:40:46.252000,2020-08-04 10:40:46.262000,2020-08-04 10:40:46.266920,10.0,4.92,14.92,1.17772,1.17792,MM,X-Trade Brokers DM SA,REAL,MT4,ZMQ,EURUSD
592,2020-08-04 10:40:46.302000,2020-08-04 10:40:46.312000,2020-08-04 10:40:46.316921,10.0,4.921,14.921,1.17775,1.17788,MM,OANDA DIVISION1,REAL,MT4,ZMQ,EURUSD
593,2020-08-04 10:40:46.333000,2020-08-04 10:40:46.343000,2020-08-04 10:40:46.347945,10.0,4.945,14.945,1.17777,1.17793,MM,Dom Maklerski Banku Ochrony Srodowiska S.A.,DEMO,MT4,ZMQ,EURUSD
594,2020-08-04 10:40:46.362000,2020-08-04 10:40:46.372000,2020-08-04 10:40:46.376946,10.0,4.946,14.946,1.17772,1.17792,MM,X-Trade Brokers DM SA,REAL,MT4,ZMQ,EURUSD
595,2020-08-04 10:40:46.408000,2020-08-04 10:40:46.418000,2020-08-04 10:40:46.422920,10.0,4.92,14.92,1.17775,1.17788,MM,OANDA DIVISION1,REAL,MT4,ZMQ,EURUSD
596,2020-08-04 10:40:46.443000,2020-08-04 10:40:46.453000,2020-08-04 10:40:46.457920,10.0,4.92,14.92,1.17777,1.17793,MM,Dom Maklerski Banku Ochrony Srodowiska S.A.,DEMO,MT4,ZMQ,EURUSD
597,2020-08-04 10:40:46.473000,2020-08-04 10:40:46.483000,2020-08-04 10:40:46.487431,10.0,4.431,14.431,1.17772,1.17792,MM,X-Trade Brokers DM SA,REAL,MT4,ZMQ,EURUSD
598,2020-08-04 10:40:46.517000,2020-08-04 10:40:46.527000,2020-08-04 10:40:46.531430,10.0,4.43,14.43,1.17775,1.17788,MM,OANDA DIVISION1,REAL,MT4,ZMQ,EURUSD
599,2020-08-04 10:40:46.552000,2020-08-04 10:40:46.562000,2020-08-04 10:40:46.566432,10.0,4.432,14.432,1.17777,1.17793,MM,Dom Maklerski Banku Ochrony Srodowiska S.A.,DEMO,MT4,ZMQ,EURUSD
600,2020-08-04 10:40:46.579000,2020-08-04 10:40:46.589000,2020-08-04 10:40:46.602431,10.0,13.431,23.431,1.17772,1.17792,MM,X-Trade Brokers DM SA,REAL,MT4,ZMQ,EURUSD
601,2020-08-04 10:40:46.629000,2020-08-04 10:40:46.639000,2020-08-04 10:40:46.644430,10.0,5.43,15.43,1.17775,1.17788,MM,OANDA DIVISION1,REAL,MT4,ZMQ,EURUSD
602,2020-08-04 10:40:46.658000,2020-08-04 10:40:46.668000,2020-08-04 10:40:46.672431,10.0,4.431,14.431,1.17777,1.17793,MM,Dom Maklerski Banku Ochrony Srodowiska S.A.,DEMO,MT4,ZMQ,EURUSD
603,2020-08-04 10:40:46.691000,2020-08-04 10:40:46.701000,2020-08-04 10:40:46.705430,10.0,4.43,14.43,1.17772,1.17792,MM,X-Trade Brokers DM SA,REAL,MT4,ZMQ,EURUSD
604,2020-08-04 10:40:46.738000,2020-08-04 10:40:46.748000,2020-08-04 10:40:46.752429,10.0,4.429,14.429,1.17775,1.17788,MM,OANDA DIVISION1,REAL,MT4,ZMQ,EURUSD
605,2020-08-04 10:40:46.772000,2020-08-04 10:40:46.782000,2020-08-04 10:40:46.786429,10.0,4.429,14.429,1.17777,1.17793,MM,Dom Maklerski Banku Ochrony Srodowiska S.A.,DEMO,MT4,ZMQ,EURUSD
606,2020-08-04 10:40:46.803000,2020-08-04 10:40:46.813000,2020-08-04 10:40:46.817457,10.0,4.457,14.457,1.17772,1.17792,MM,X-Trade Brokers DM SA,REAL,MT4,ZMQ,EURUSD
607,2020-08-04 10:40:46.847000,2020-08-04 10:40:46.857000,2020-08-04 10:40:46.861431,10.0,4.431,14.431,1.17775,1.17788,MM,OANDA DIVISION1,REAL,MT4,ZMQ,EURUSD
608,2020-08-04 10:40:46.881000,2020-08-04 10:40:46.891000,2020-08-04 10:40:46.895431,10.0,4.431,14.431,1.17777,1.17793,MM,Dom Maklerski Banku Ochrony Srodowiska S.A.,DEMO,MT4,ZMQ,EURUSD
609,2020-08-04 10:40:46.914000,2020-08-04 10:40:46.924000,2020-08-04 10:40:46.928430,10.0,4.43,14.43,1.17772,1.17792,MM,X-Trade Brokers DM SA,REAL,MT4,ZMQ,EURUSD
610,2020-08-04 10:40:46.954000,2020-08-04 10:40:46.964000,2020-08-04 10:40:46.968430,10.0,4.43,14.43,1.17775,1.17788,MM,OANDA DIVISION1,REAL,MT4,ZMQ,EURUSD
611,2020-08-04 10:40:46.989000,2020-08-04 10:40:46.999000,2020-08-04 10:40:47.003430,10.0,4.43,14.43,1.17777,1.17793,MM,Dom Maklerski Banku Ochrony Srodowiska S.A.,DEMO,MT4,ZMQ,EURUSD
612,2020-08-04 10:40:47.024000,2020-08-04 10:40:47.034000,2020-08-04 10:40:47.038430,10.0,4.43,14.43,1.17772,1.17792,MM,X-Trade Brokers DM SA,REAL,MT4,ZMQ,EURUSD
613,2020-08-04 10:40:47.034000,2020-08-04 10:40:47.044000,2020-08-04 10:40:47.065456,10.0,21.456,31.456,1.17773,1.17793,MM,X-Trade Brokers DM SA,REAL,MT4,ZMQ,EURUSD
614,2020-08-04 10:40:47.064000,2020-08-04 10:40:47.074000,2020-08-04 10:40:47.091434,10.0,17.434,27.434,1.17775,1.17788,MM,OANDA DIVISION1,REAL,MT4,ZMQ,EURUSD
615,2020-08-04 10:40:47.101000,2020-08-04 10:40:47.111000,2020-08-04 10:40:47.118433,10.0,7.433,17.433,1.17776,1.1779,MM,OANDA DIVISION1,REAL,MT4,ZMQ,EURUSD
